

BBB
@ARTICLE{Beck2012,
   author = {{Beck}, R. and {Frick}, P. and {Stepanov}, R. and {Sokoloff}, D.
	},
    title = "{Recognizing magnetic structures by present and future radio telescopes with Faraday rotation measure synthesis}",
  journal = {\aap},
archivePrefix = "arXiv",
   eprint = {1204.5694},
 primaryClass = "astro-ph.IM",
 keywords = {methods: observational, techniques: polarimetric, galaxies: magnetic fields, galaxies: clusters: intracluster medium, radio continuum: galaxies, galaxies: spiral},
     year = 2012,
    month = jul,
   volume = 543,
      eid = {A113},
    pages = {A113},
      doi = {10.1051/0004-6361/201219094},
   adsurl = {http://adsabs.harvard.edu/abs/2012A%26A...543A.113B},
  adsnote = {Provided by the SAO/NASA Astrophysics Data System}
}

@INBOOK{Beck2013,
   author = {{Beck}, R. and {Wielebinski}, R.},
    title = "{Magnetic Fields in Galaxies}",
 keywords = {Physics},
booktitle = {Planets, Stars and Stellar Systems.~Volume 5: Galactic Structure and Stellar Populations},
     year = 2013,
   editor = {{Oswalt}, T.~D. and {Gilmore}, G.},
    pages = {641},
      doi = {10.1007/978-94-007-5612-0_13},
   adsurl = {http://adsabs.harvard.edu/abs/2013pss5.book..641B},
  adsnote = {Provided by the SAO/NASA Astrophysics Data System}
}
@ARTICLE{Beck2013b,
   author = {{Beck}, R. and {Anderson}, J. and {Heald}, G. and {Horneffer}, A. and 
	{Iacobelli}, M. and {K{\"o}hler}, J. and {Mulcahy}, D. and {Pizzo}, R. and 
	{Scaife}, A. and {Wucknitz}, O. and {LOFAR Magnetism Key Science Project Team}
	},
    title = "{The LOFAR view of cosmic magnetism}",
  journal = {Astronomische Nachrichten},
archivePrefix = "arXiv",
   eprint = {1302.0889},
 primaryClass = "astro-ph.IM",
 keywords = {early universe, galaxies: magnetic fields, techniques: polarimetric, telescopes, ISM: magnetic fields},
     year = 2013,
    month = jun,
   volume = 334,
    pages = {548-557},
      doi = {10.1002/asna.201311894},
   adsurl = {http://adsabs.harvard.edu/abs/2013AN....334..548B},
  adsnote = {Provided by the SAO/NASA Astrophysics Data System}
}

@ARTICLE{Becker2001,
   author = {{Becker}, R.~H. and {Fan}, X. and {White}, R.~L. and {Strauss}, M.~A. and 
	{Narayanan}, V.~K. and {Lupton}, R.~H. and {Gunn}, J.~E. and 
	{Annis}, J. and {Bahcall}, N.~A. and {Brinkmann}, J. and {Connolly}, A.~J. and 
	{Csabai}, I. and {Czarapata}, P.~C. and {Doi}, M. and {Heckman}, T.~M. and 
	{Hennessy}, G.~S. and {Ivezi{\'c}}, {\v Z}. and {Knapp}, G.~R. and 
	{Lamb}, D.~Q. and {McKay}, T.~A. and {Munn}, J.~A. and {Nash}, T. and 
	{Nichol}, R. and {Pier}, J.~R. and {Richards}, G.~T. and {Schneider}, D.~P. and 
	{Stoughton}, C. and {Szalay}, A.~S. and {Thakar}, A.~R. and 
	{York}, D.~G.},
    title = "{Evidence for Reionization at z\~{}6: Detection of a Gunn-Peterson Trough in a z=6.28 Quasar}",
  journal = {\aj},
   eprint = {astro-ph/0108097},
 keywords = {Cosmology: Observations, Galaxies: Formation, Galaxies: Quasars: Absorption Lines, Galaxies: Quasars: General},
     year = 2001,
    month = dec,
   volume = 122,
    pages = {2850-2857},
      doi = {10.1086/324231},
   adsurl = {http://adsabs.harvard.edu/abs/2001AJ....122.2850B},
  adsnote = {Provided by the SAO/NASA Astrophysics Data System}
}

@ARTICLE{WMAP9,
    author = {{Bennett}, C.~L. and {Larson}, D. and {Weiland}, J.~L. and {Jarosik}, N. and {Hinshaw}, G. and {Odegard}, N. and {Smith}, K.~M. and {Hill}, R.~S. and {Gold}, B. and {Halpern}, M. and {Komatsu}, E. and {Nolta}, M.~R. and {Page}, L. and {Spergel}, D.~N. and {Wollack}, E. and {Dunkley}, J. and {Kogut}, A. and {Limon}, M. and {Meyer}, S.~S. and {Tucker}, G.~S. and {Wright}, E.~L.},
    title = "{Nine-Year Wilkinson Microwave Anisotropy Probe (WMAP) Observations: Final Maps and Results}",
    journal = {ArXiv e-prints},
    archivePrefix = "arXiv",
    eprint = {1212.5225},
    primaryClass = "astro-ph.CO",
    keywords = {Astrophysics - Cosmology and Extragalactic Astrophysics},
    year = 2012,
    month = dec,
    adsurl = {http://adsabs.harvard.edu/abs/2012arXiv1212.5225B},
    adsnote = {Provided by the SAO/NASA Astrophysics Data System}
}

@ARTICLE{Bernardi2004,
   author = {{Bernardi}, G. and {Carretti}, E. and {Fabbri}, R. and {Sbarra}, C. and 
	{Poppi}, S. and {Cortiglioni}, S. and {Jonas}, J.~L.},
    title = "{A polarized synchrotron template for cosmic microwave background polarization experiments based on WMAP data}",
  journal = {\mnras},
   eprint = {astro-ph/0403308},
 keywords = {polarization, methods: numerical, Galaxy: general, cosmic microwave background},
     year = 2004,
    month = jun,
   volume = 351,
    pages = {436-446},
      doi = {10.1111/j.1365-2966.2004.07797.x},
   adsurl = {http://adsabs.harvard.edu/abs/2004MNRAS.351..436B},
  adsnote = {Provided by the SAO/NASA Astrophysics Data System}
}

@ARTICLE{Bernardi2009,
    author = {{Bernardi}, G. and {de Bruyn}, A.~G. and {Brentjens}, M.~A. and {Ciardi}, B. and {Harker}, G. and {Jeli{\'c}}, V. and {Koopmans}, L.~V.~E. and {Labropoulos}, P. and {Offringa}, A. and {Pandey}, V.~N. and {Schaye}, J. and {Thomas}, R.~M. and {Yatawatta}, S. and {Zaroubi}, S.},
    title = "{Foregrounds for observations of the cosmological 21 cm line. I. First Westerbork measurements of Galactic emission at 150 MHz in a low latitude field}",
    journal = {\aap},
    archivePrefix = "arXiv",
    eprint = {0904.0404},
    primaryClass = "astro-ph.CO",
    keywords = {polarization, cosmology: diffuse radiation, cosmology: observations, radio continuum: general, ISM: general, ISM: magnetic fields},
    year = 2009,
    month = jun,
    volume = 500,
    pages = {965-979},
    doi = {10.1051/0004-6361/200911627},
    adsurl = {http://adsabs.harvard.edu/abs/2009A%26A...500..965B},
    adsnote = {Provided by the SAO/NASA Astrophysics Data System}
}

@ARTICLE{Bernardi2010,
    author = {{Bernardi}, G. and {de Bruyn}, A.~G. and {Harker}, G. and {Brentjens}, M.~A. and {Ciardi}, B. and {Jeli{\'c}}, V. and {Koopmans}, L.~V.~E. and {Labropoulos}, P. and {Offringa}, A. and {Pandey}, V.~N. and {Schaye}, J. and {Thomas}, R.~M. and {Yatawatta}, S. and {Zaroubi}, S.},
    title = "{Foregrounds for observations of the cosmological 21 cm line. II. Westerbork observations of the fields around 3C 196 and the North Celestial Pole}",
    journal = {\aap},
    archivePrefix = "arXiv",
    eprint = {1002.4177},
    primaryClass = "astro-ph.CO",
    keywords = {polarization, diffuse radiation, cosmology: observations, ISM: general},
    year = 2010,
    month = nov,
    volume = 522,
    eid = {A67},
    pages = {A67},
    doi = {10.1051/0004-6361/200913420},
    adsurl = {http://adsabs.harvard.edu/abs/2010A%26A...522A..67B},
    adsnote = {Provided by the SAO/NASA Astrophysics Data System}
}

@ARTICLE{Bernardi2013,
    author = {{Bernardi}, G. and {Greenhill}, L.~J. and {Mitchell}, D.~A. and 
	    {Ord}, S.~M. and {Hazelton}, B.~J. and {Gaensler}, B.~M. and 
	    {de Oliveira-Costa}, A. and {Morales}, M.~F. and {Udaya Shankar}, R. and 
	    {Subrahmanyan}, R. and {Wayth}, R.~B. and {Lenc}, E. and {Williams}, C.~L. and 
	    {Arcus}, W. and {Balwinder}, S.~A. and {Barnes}, D.~G. and {Bowman}, J.~D. and 
	    {Briggs}, F.~H. and {Bunton}, J.~D. and {Cappallo}, R.~J. and 
	    {Corey}, B.~E. and {Deshpande}, A. and {deSouza}, L. and {Emrich}, D. and 
	    {Goeke}, R. and {Herne}, D. and {Hewitt}, J.~N. and {Johnston-Hollitt}, M. and 
	    {Kaplan}, D. and {Kasper}, J.~C. and {Kincaid}, B.~B. and {Koenig}, R. and 
	    {Kratzenberg}, E. and {Lonsdale}, C.~J. and {Lynch}, M.~J. and 
	    {McWhirter}, S.~R. and {Morgan}, E. and {Oberoi}, D. and {Pathikulangara}, J. and 
	    {Prabu}, T. and {Remillard}, R.~A. and {Rogers}, A.~E.~E. and 
	    {Roshi}, A. and {Salah}, J.~E. and {Sault}, R.~J. and {Srivani}, K.~S. and 
	    {Stevens}, J. and {Tingay}, S.~J. and {Waterson}, M. and {Webster}, R.~L. and 
	    {Whitney}, A.~R. and {Williams}, A. and {Wyithe}, J.~S.~B.},
    title = "{A 189 MHz, 2400 deg$^{2}$ Polarization Survey with the Murchison Widefield Array 32-element Prototype}",
    journal = {\apj},
    archivePrefix = "arXiv",
    eprint = {1305.6047},
    primaryClass = "astro-ph.CO",
    keywords = {diffuse radiation, ISM: magnetic fields, polarization, radio continuum: general, surveys, techniques: interferometric},
    year = 2013,
    month = jul,
    volume = 771,
    eid = {105},
    pages = {105},
    doi = {10.1088/0004-637X/771/2/105},
    adsurl = {http://adsabs.harvard.edu/abs/2013ApJ...771..105B},
    adsnote = {Provided by the SAO/NASA Astrophysics Data System}
}
@ARTICLE{Bouwens2011,
   author = {{Bouwens}, R.~J. and {Illingworth}, G.~D. and {Oesch}, P.~A. and 
	{Labb{\'e}}, I. and {Trenti}, M. and {van Dokkum}, P. and {Franx}, M. and 
	{Stiavelli}, M. and {Carollo}, C.~M. and {Magee}, D. and {Gonzalez}, V.
	},
    title = "{Ultraviolet Luminosity Functions from 132 z \~{} 7 and z \~{} 8 Lyman-break Galaxies in the Ultra-deep HUDF09 and Wide-area Early Release Science WFC3/IR Observations}",
  journal = {\apj},
archivePrefix = "arXiv",
   eprint = {1006.4360},
 primaryClass = "astro-ph.CO",
 keywords = {galaxies: evolution, galaxies: high-redshift},
     year = 2011,
    month = aug,
   volume = 737,
      eid = {90},
    pages = {90},
      doi = {10.1088/0004-637X/737/2/90},
   adsurl = {http://adsabs.harvard.edu/abs/2011ApJ...737...90B},
  adsnote = {Provided by the SAO/NASA Astrophysics Data System}
}
@ARTICLE{Bowman2009,
    author = {{Bowman}, J.~D. and {Morales}, M.~F. and {Hewitt}, J.~N.},
    title = "{Foreground Contamination in Interferometric Measurements of the Redshifted 21 cm Power Spectrum}",
    journal = {\apj},
    archivePrefix = "arXiv",
    eprint = {0807.3956},
    keywords = {early universe, intergalactic medium, methods: data analysis, radio lines: general, techniques: interferometric},
    year = 2009,
    month = apr,
    volume = 695,
    pages = {183-199},
    doi = {10.1088/0004-637X/695/1/183},
    adsurl = {http://adsabs.harvard.edu/abs/2009ApJ...695..183B},
    adsnote = {Provided by the SAO/NASA Astrophysics Data System}
}

@ARTICLE{BrentjensDeBruyn,
    author = {{Brentjens}, M.~A. and {de Bruyn}, A.~G.},
    title = "{Faraday rotation measure synthesis}",
    journal = {\aap},
    eprint = {arXiv:astro-ph/0507349},
    keywords = {methods: data analysis, techniques: polarimetric, magnetic fields, polarization, ISM: magnetic fields, Cosmology: large-scale structure of Universe},
    year = 2005,
    month = oct,
    volume = 441,
    pages = {1217-1228},
    doi = {10.1051/0004-6361:20052990},
    adsurl = {http://adsabs.harvard.edu/abs/2005A%26A...441.1217B},
    adsnote = {Provided by the SAO/NASA Astrophysics Data System}
}

CCC

@ARTICLE{Calabretta2002,
    author = {{Calabretta}, M.~R. and {Greisen}, E.~W.},
    title = "{Representations of celestial coordinates in FITS}",
    journal = {\aap},
    eprint = {arXiv:astro-ph/0207413},
    keywords = {methods: data analysis, techniques: image processing, astronomical data bases: miscellaneous, astrometry},
    year = 2002,
    month = dec,
    volume = 395,
    pages = {1077-1122},
    doi = {10.1051/0004-6361:20021327},
    adsurl = {http://adsabs.harvard.edu/abs/2002A%26A...395.1077C},
    adsnote = {Provided by the SAO/NASA Astrophysics Data System}
}

@ARTICLE{Cohen2004,
    author = {{Cohen}, A.~S. and {R{\"o}ttgering}, H.~J.~A. and {Jarvis}, M.~J. and {Kassim}, N.~E. and {Lazio}, T.~J.~W.},
    title = "{A Deep, High-Resolution Survey at 74 MHz}",
    journal = {\apjs},
    eprint = {arXiv:astro-ph/0310521},
    keywords = {Radio Continuum: General, Surveys},
    year = 2004,
    month = feb,
    volume = 150,
    pages = {417-430},
    doi = {10.1086/380783},
    adsurl = {http://adsabs.harvard.edu/abs/2004ApJS..150..417C},
    adsnote = {Provided by the SAO/NASA Astrophysics Data System}
}

@ARTICLE{VLSS,
    author = {{Cohen}, A.~S. and {Lane}, W.~M. and {Cotton}, W.~D. and {Kassim}, N.~E. and {Lazio}, T.~J.~W. and {Perley}, R.~A. and {Condon}, J.~J. and {Erickson}, W.~C.},
    title = "{The VLA Low-Frequency Sky Survey}",
    journal = {\aj},
    archivePrefix = "arXiv",
    eprint = {0706.1191},
    keywords = {atmospheric effects, catalogs, radio continuum: general, surveys},
    year = 2007,
    month = sep,
    volume = 134,
    pages = {1245-1262},
    doi = {10.1086/520719},
    adsurl = {http://adsabs.harvard.edu/abs/2007AJ....134.1245C},
    adsnote = {Provided by the SAO/NASA Astrophysics Data System}
}

@ARTICLE{NVSS,
    author = {{Condon}, J.~J. and {Cotton}, W.~D. and {Greisen}, E.~W. and {Yin}, Q.~F. and {Perley}, R.~A. and {Taylor}, G.~B. and {Broderick}, J.~J.},
    title = "{The NRAO VLA Sky Survey}",
    journal = {\aj},
    keywords = {CATALOGS, METHODS: DATA ANALYSIS, METHODS: OBSERVATIONAL, RADIO CONTINUUM, SURVEYS},
    year = 1998,
    month = may,
    volume = 115,
    pages = {1693-1716},
    doi = {10.1086/300337},
    adsurl = {http://adsabs.harvard.edu/abs/1998AJ....115.1693C},
    adsnote = {Provided by the SAO/NASA Astrophysics Data System}
}

@ARTICLE{Cotton2012,
    author = {{Cotton}, W.~D.},
    title = "{a New Method for Cross Polarized Delay Calibration of Radio Interferometers}",
    journal = {Journal of Astronomical Instrumentation },
    archivePrefix = "arXiv",
    eprint = {1205.3991},
    primaryClass = "astro-ph.IM",
    keywords = {radio interferometry, polarization calibration},
    year = 2012,
    month = dec,
    volume = 1,
    eid = {1250001},
    pages = {50001},
    doi = {10.1142/S2251171712500018},
    adsurl = {http://adsabs.harvard.edu/abs/2012JAI.....150001C},
    adsnote = {Provided by the SAO/NASA Astrophysics Data System}
}

DDD
@ARTICLE{Datta2014,
   author = {{Datta}, A. and {Bradley}, R. and {Burns}, J.~O. and {Harker}, G. and 
	{Komjathy}, A. and {Lazio}, T.~J.~W.},
    title = "{Effects Of The Ionosphere On Ground-Based Detection Of The Global 21 CM Signal From The Cosmic Dawn And The Dark Ages}",
  journal = {ArXiv e-prints},
archivePrefix = "arXiv",
   eprint = {1409.0513},
 keywords = {Astrophysics - Cosmology and Nongalactic Astrophysics, Astrophysics - Instrumentation and Methods for Astrophysics},
     year = 2014,
    month = sep,
   adsurl = {http://adsabs.harvard.edu/abs/2014arXiv1409.0513D},
  adsnote = {Provided by the SAO/NASA Astrophysics Data System}
}
@ARTICLE{Datta2010,
   author = {{Datta}, A. and {Bowman}, J.~D. and {Carilli}, C.~L.},
    title = "{Bright Source Subtraction Requirements for Redshifted 21 cm Measurements}",
  journal = {\apj},
archivePrefix = "arXiv",
   eprint = {1005.4071},
 primaryClass = "astro-ph.CO",
 keywords = {early universe, intergalactic medium, methods: data analysis, radio lines: general, techniques: interferometric},
     year = 2010,
    month = nov,
   volume = 724,
    pages = {526-538},
      doi = {10.1088/0004-637X/724/1/526},
   adsurl = {http://adsabs.harvard.edu/abs/2010ApJ...724..526D},
  adsnote = {Provided by the SAO/NASA Astrophysics Data System}
}

@ARTICLE{dOCMap,
    author = {{de Oliveira-Costa}, A. and {Tegmark}, M. and {Gaensler}, B.~M. and {Jonas}, J. and {Landecker}, T.~L. and {Reich}, P.},
    title = "{A model of diffuse Galactic radio emission from 10 MHz to 100 GHz}",
    journal = {\mnras},
    archivePrefix = "arXiv",
    eprint = {0802.1525},
    keywords = {methods: data analysis , astronomical data bases: miscellaneous , ISM: structure , diffuse radiation , radio continuum: ISM},
    year = 2008,
    month = jul,
    volume = 388,
    pages = {247-260},
    doi = {10.1111/j.1365-2966.2008.13376.x},
    adsurl = {http://adsabs.harvard.edu/abs/2008MNRAS.388..247D},
    adsnote = {Provided by the SAO/NASA Astrophysics Data System}
}

@ARTICLE{Dillon2012,
    author = {{Dillon}, J.~S. and {Liu}, A. and {Tegmark}, M.},
    title = "{A Fast Method for Power Spectrum and Foreground Analysis for 21 cm Cosmology}",
    journal = {ArXiv e-prints},
    archivePrefix = "arXiv",
    eprint = {1211.2232},
    primaryClass = "astro-ph.CO",
    keywords = {Astrophysics - Cosmology and Extragalactic Astrophysics},
    year = 2012,
    month = nov,
    adsurl = {http://adsabs.harvard.edu/abs/2012arXiv1211.2232D},
    adsnote = {Provided by the SAO/NASA Astrophysics Data System}
}
@ARTICLE{Dillon2014,
   author = {{Dillon}, J.~S. and {Liu}, A. and {Williams}, C.~L. and {Hewitt}, J.~N. and 
	{Tegmark}, M. and {Morgan}, E.~H. and {Levine}, A.~M. and {Morales}, M.~F. and 
	{Tingay}, S.~J. and {Bernardi}, G. and {Bowman}, J.~D. and {Briggs}, F.~H. and 
	{Cappallo}, R.~C. and {Emrich}, D. and {Mitchell}, D.~A. and 
	{Oberoi}, D. and {Prabu}, T. and {Wayth}, R. and {Webster}, R.~L.
	},
    title = "{Overcoming real-world obstacles in 21 cm power spectrum estimation: A method demonstration and results from early Murchison Widefield Array data}",
  journal = {\prd},
archivePrefix = "arXiv",
   eprint = {1304.4229},
 primaryClass = "astro-ph.CO",
 keywords = {Observation and data reduction techniques, computer modeling and simulation, Radio microwave, Cosmology, Observational cosmology},
     year = 2014,
    month = jan,
   volume = 89,
   number = 2,
      eid = {023002},
    pages = {023002},
      doi = {10.1103/PhysRevD.89.023002},
   adsurl = {http://adsabs.harvard.edu/abs/2014PhRvD..89b3002D},
  adsnote = {Provided by the SAO/NASA Astrophysics Data System}
}
EEE

FFF
@ARTICLE{Fan2006,
   author = {{Fan}, X. and {Strauss}, M.~A. and {Becker}, R.~H. and {White}, R.~L. and 
	{Gunn}, J.~E. and {Knapp}, G.~R. and {Richards}, G.~T. and {Schneider}, D.~P. and 
	{Brinkmann}, J. and {Fukugita}, M.},
    title = "{Constraining the Evolution of the Ionizing Background and the Epoch of Reionization with z\~{}6 Quasars. II. A Sample of 19 Quasars}",
  journal = {\aj},
   eprint = {astro-ph/0512082},
 keywords = {Cosmology: Observations, Galaxies: Intergalactic Medium, Galaxies: Quasars: Absorption Lines, Galaxies: Quasars: General},
     year = 2006,
    month = jul,
   volume = 132,
    pages = {117-136},
      doi = {10.1086/504836},
   adsurl = {http://adsabs.harvard.edu/abs/2006AJ....132..117F},
  adsnote = {Provided by the SAO/NASA Astrophysics Data System}
}
@ARTICLE{Field1958,
   author = {{Field}, G.~B.},
    title = "{Excitation of the Hydrogen 21-CM Line}",
  journal = {Proceedings of the IRE},
     year = 1958,
    month = jan,
   volume = 46,
    pages = {240-250},
      doi = {10.1109/JRPROC.1958.286741},
   adsurl = {http://adsabs.harvard.edu/abs/1958PIRE...46..240F},
  adsnote = {Provided by the SAO/NASA Astrophysics Data System}
}


@ARTICLE{Furlanetto2006,
    author = {{Furlanetto}, S.~R. and {McQuinn}, M. and {Hernquist}, L.},
    title = "{Characteristic scales during reionization}",
    journal = {\mnras},
    eprint = {arXiv:astro-ph/0507524},
    keywords = {galaxies: evolution, intergalactic medium, cosmology: theory},
    year = 2006,
    month = jan,
    volume = 365,
    pages = {115-126},
    doi = {10.1111/j.1365-2966.2005.09687.x},
    adsurl = {http://adsabs.harvard.edu/abs/2006MNRAS.365..115F},
    adsnote = {Provided by the SAO/NASA Astrophysics Data System}
}

@ARTICLE{FOB,
    author = {{Furlanetto}, S.~R. and {Oh}, S.~P. and {Briggs}, F.~H.},
    title = "{Cosmology at low frequencies: The 21 cm transition and the high-redshift Universe}",
    journal = {\physrep},
    eprint = {arXiv:astro-ph/0608032},
    year = 2006,
    month = oct,
    volume = 433,
    pages = {181-301},
    doi = {10.1016/j.physrep.2006.08.002},
    adsurl = {http://adsabs.harvard.edu/abs/2006PhR...433..181F},
    adsnote = {Provided by the SAO/NASA Astrophysics Data System}
}

GGG

@ARTICLE{Gaensler2001,
   author = {{Gaensler}, B.~M. and {Dickey}, J.~M. and {McClure-Griffiths}, N.~M. and 
	{Green}, A.~J. and {Wieringa}, M.~H. and {Haynes}, R.~F.},
    title = "{Radio Polarization from the Inner Galaxy at Arcminute Resolution}",
  journal = {\apj},
   eprint = {astro-ph/0010518},
 keywords = {ISM: H II Regions, ISM: Magnetic Fields, Polarization, Radio Continuum: General, Radio Continuum: ISM},
     year = 2001,
    month = mar,
   volume = 549,
    pages = {959-978},
      doi = {10.1086/319468},
   adsurl = {http://adsabs.harvard.edu/abs/2001ApJ...549..959G},
  adsnote = {Provided by the SAO/NASA Astrophysics Data System}
}

@ARTICLE{Geil2011,
    author = {{Geil}, P.~M. and {Gaensler}, B.~M. and {Wyithe}, J.~S.~B.},
    title = "{Polarized foreground removal at low radio frequencies using rotation measure synthesis: uncovering the signature of hydrogen reionization}",
    journal = {\mnras},
    archivePrefix = "arXiv",
    eprint = {1011.2321},
    primaryClass = "astro-ph.CO",
    keywords = {instrumentation: interferometers, techniques: polarimetric, cosmology: observations, cosmology: theory, diffuse radiation, radio continuum: general},
    year = 2011,
    month = nov,
    volume = 418,
    pages = {516-535},
    doi = {10.1111/j.1365-2966.2011.19509.x},
    adsurl = {http://adsabs.harvard.edu/abs/2011MNRAS.418..516G},
    adsnote = {Provided by the SAO/NASA Astrophysics Data System}
}

@ARTICLE{Giessuebel2013,
    author = {{Gie{\ss}{\"u}bel}, R. and {Heald}, G. and {Beck}, R. and {Arshakian}, T. },
    title = "{Polarized synchrotron radiation from the Andromeda Galaxy M31 and background sources at 350 MHz}",
    journal = {ArXiv e-prints},
    archivePrefix = "arXiv",
    eprint = {1309.2539},
    primaryClass = "astro-ph.CO",
    keywords = {Astrophysics - Cosmology and Extragalactic Astrophysics, Astrophysics - Galaxy Astrophysics, 85},
    year = 2013,
    month = sep,
    adsurl = {http://adsabs.harvard.edu/abs/2013arXiv1309.2539G},
    adsnote = {Provided by the SAO/NASA Astrophysics Data System}
}

@ARTICLE{Gorski2005,
    author = {{G{\'o}rski}, K.~M. and {Hivon}, E. and {Banday}, A.~J. and {Wandelt}, B.~D. and {Hansen}, F.~K. and {Reinecke}, M. and {Bartelmann}, M.},
    title = "{HEALPix: A Framework for High-Resolution Discretization and Fast Analysis of Data Distributed on the Sphere}",
    journal = {\apj},
    eprint = {arXiv:astro-ph/0409513},
    keywords = {Cosmology: Cosmic Microwave Background, Cosmology: Observations, Methods: Statistical},
    year = 2005,
    month = apr,
    volume = 622,
    pages = {759-771},
    doi = {10.1086/427976},
    adsurl = {http://adsabs.harvard.edu/abs/2005ApJ...622..759G},
    adsnote = {Provided by the SAO/NASA Astrophysics Data System}
}
@ARTICLE{GunnPeterson,
   author = {{Gunn}, J.~E. and {Peterson}, B.~A.},
    title = "{On the Density of Neutral Hydrogen in Intergalactic Space.}",
  journal = {\apj},
     year = 1965,
    month = nov,
   volume = 142,
    pages = {1633-1641},
      doi = {10.1086/148444},
   adsurl = {http://adsabs.harvard.edu/abs/1965ApJ...142.1633G},
  adsnote = {Provided by the SAO/NASA Astrophysics Data System}
}

HHH

@ARTICLE{Hales1988,
    author = {{Hales}, S.~E.~G. and {Baldwin}, J.~E. and {Warner}, P.~J.},
    title = "{The 6C survey of radio sources. II - The zone delta = 30-51 deg, alpha = 08h30m-17h30m}",
    journal = {\mnras},
    keywords = {ASTRONOMICAL MAPS, RADIO SOURCES (ASTRONOMY), SKY SURVEYS (ASTRONOMY), ANGULAR RESOLUTION, CALIBRATING, CYGNUS CONSTELLATION, SYNTHETIC APERTURES},
    year = 1988,
    month = oct,
    volume = 234,
    pages = {919-936},
    adsurl = {http://adsabs.harvard.edu/abs/1988MNRAS.234..919H},
    adsnote = {Provided by the SAO/NASA Astrophysics Data System}
}

Hamaker, Bregman, and Sault Understanding Polarization Series.

@ARTICLE{HBS1,
    author = {{Hamaker}, J.~P. and {Bregman}, J.~D. and {Sault}, R.~J.},
    title = "{Understanding radio polarimetry. I. Mathematical foundations.}",
    journal = {\aaps},
    keywords = {METHODS: ANALYTICAL, METHODS: DATA ANALYSIS, TECHNIQUES: INTERFEROMETERS, TECHNIQUES: POLARIMETERS},
    year = 1996,
    month = may,
    volume = 117,
    pages = {137-147},
    adsurl = {http://adsabs.harvard.edu/abs/1996A%26AS..117..137H},
    adsnote = {Provided by the SAO/NASA Astrophysics Data System}
}

@ARTICLE{HBS2,
    author = {{Sault}, R.~J. and {Hamaker}, J.~P. and {Bregman}, J.~D.},
    title = "{Understanding radio polarimetry. II. Instrumental calibration of an interferometer array.}",
    journal = {\aaps},
    keywords = {METHODS: ANALYTICAL, METHODS: DATA ANALYSIS, TECHNIQUES: INTERFEROMETERS, TECHNIQUES: POLARIMETERS},
    year = 1996,
    month = may,
    volume = 117,
    pages = {149-159},
    adsurl = {http://adsabs.harvard.edu/abs/1996A%26AS..117..149S},
    adsnote = {Provided by the SAO/NASA Astrophysics Data System}
}

@ARTICLE{HBS3,
    author = {{Hamaker}, J.~P. and {Bregman}, J.~D.},
    title = "{Understanding radio polarimetry. III. Interpreting the IAU/IEEE definitions of the Stokes parameters.}",
    journal = {\aaps},
    keywords = {METHODS: ANALYTICAL, METHODS: DATA ANALYSIS, TECHNIQUES: INTERFEROMETERS, TECHNIQUES: POLARIMETERS, POLARIZATION},
    year = 1996,
    month = may,
    volume = 117,
    pages = {161-165},
    adsurl = {http://adsabs.harvard.edu/abs/1996A%26AS..117..161H},
    adsnote = {Provided by the SAO/NASA Astrophysics Data System}
}

@ARTICLE{HBS4,
    author = {{Hamaker}, J.~P.},
    title = "{Understanding radio polarimetry. IV. The full-coherency analogue of scalar self-calibration: Self-alignment, dynamic range and polarimetric fidelity}",
    journal = {\aaps},
    keywords = {INSTRUMENTATION: INTERFEROMETERS, INSTRUMENTATION: POLARIMETERS, METHODS: ANALYTICAL, METHODS: OBSERVATIONAL, TECHNIQUES: INTERFEROMETRIC, TECHNIQUES: POLARIMETRIC},
    year = 2000,
    month = may,
    volume = 143,
    pages = {515-534},
    doi = {10.1051/aas:2000337},
    adsurl = {http://adsabs.harvard.edu/abs/2000A%26AS..143..515H},
    adsnote = {Provided by the SAO/NASA Astrophysics Data System}
}

@ARTICLE{HBS5,
    author = {{Hamaker}, J.~P.},
    title = "{Understanding radio polarimetry. V. Making matrix self-calibration work: processing of a simulated observation}",
    journal = {\aap},
    keywords = {instrumentation: interferometers, instrumentation: polarimeters, methods: data analysis, methods: observational, techniques: interferometric, techniques: polarimetric},
    year = 2006,
    month = sep,
    volume = 456,
    pages = {395-404},
    doi = {10.1051/0004-6361:20065145},
    adsurl = {http://adsabs.harvard.edu/abs/2006A%26A...456..395H},
    adsnote = {Provided by the SAO/NASA Astrophysics Data System}
}
@ARTICLE{Harker2012,
   author = {{Harker}, G.~J.~A. and {Pritchard}, J.~R. and {Burns}, J.~O. and 
	{Bowman}, J.~D.},
    title = "{An MCMC approach to extracting the global 21-cm signal during the cosmic dawn from sky-averaged radio observations}",
  journal = {\mnras},
archivePrefix = "arXiv",
   eprint = {1107.3154},
 primaryClass = "astro-ph.CO",
 keywords = {methods: statistical, cosmology: theory, diffuse radiation, radio lines: general},
     year = 2012,
    month = jan,
   volume = 419,
    pages = {1070-1084},
      doi = {10.1111/j.1365-2966.2011.19766.x},
   adsurl = {http://adsabs.harvard.edu/abs/2012MNRAS.419.1070H},
  adsnote = {Provided by the SAO/NASA Astrophysics Data System}
}

@ARTICLE{Harris1978,
    author = {{Harris}, F.~J.},
    title = "{On the Use of Windows for Harmonic Analysis with the Discrete Fourier Transform}",
    journal = {IEEE Proceedings},
    keywords = {POWER SPECTRA, APPLIED MATHEMATICS},
    year = 1978,
    volume = 66,
    pages = {51-83},
    adsurl = {http://adsabs.harvard.edu/abs/1978IEEEP..66...51H},
    adsnote = {Provided by the SAO/NASA Astrophysics Data System}
}

@ARTICLE{Haslam,
    author = {{Haslam}, C.~G.~T. and {Salter}, C.~J. and {Stoffel}, H. and {Wilson}, W.~E.},
    title = "{A 408 MHz all-sky continuum survey. II - The atlas of contour maps}",
    journal = {\aaps},
    keywords = {ASTRONOMICAL MAPS, RADIO ASTRONOMY, ULTRAHIGH FREQUENCIES, GALACTIC STRUCTURE, RADIO TELESCOPES, RELIEF MAPS},
    year = 1982,
    month = jan,
    volume = 47,
    pages = {1},
    adsurl = {http://adsabs.harvard.edu/abs/1982A%26AS...47....1H},
    adsnote = {Provided by the SAO/NASA Astrophysics Data System}
}

@ARTICLE{Heald2009,
    author = {{Heald}, G. and {Braun}, R. and {Edmonds}, R.},
    title = "{The Westerbork SINGS survey. II Polarization, Faraday rotation, and magnetic fields}",
    journal = {\aap},
    archivePrefix = "arXiv",
    eprint = {0905.3995},
    primaryClass = "astro-ph.GA",
    keywords = {ISM: magnetic fields, galaxies: magnetic fields, radio continuum: galaxies},
    year = 2009,
    month = aug,
    volume = 503,
    pages = {409-435},
    doi = {10.1051/0004-6361/200912240},
    adsurl = {http://adsabs.harvard.edu/abs/2009A%26A...503..409H},
    adsnote = {Provided by the SAO/NASA Astrophysics Data System}
}

@ARTICLE{Helmboldt2008,
    author = {{Helmboldt}, J.~F. and {Kassim}, N.~E. and {Cohen}, A.~S. and {Lane}, W.~M. and {Lazio}, T.~J.},
    title = "{Radio Frequency Spectra of 388 Bright 74 MHz Sources}",
    journal = {\apjs},
    archivePrefix = "arXiv",
    eprint = {0707.3418},
    keywords = {Catalogs, Radio Continuum: General, Surveys},
    year = 2008,
    month = feb,
    volume = 174,
    pages = {313-336},
    doi = {10.1086/521829},
    adsurl = {http://adsabs.harvard.edu/abs/2008ApJS..174..313H},
    adsnote = {Provided by the SAO/NASA Astrophysics Data System}
}

@ARTICLE{Hogbom1974,
    author = {{H{\"o}gbom}, J.~A.},
    title = "{Aperture Synthesis with a Non-Regular Distribution of Interferometer Baselines}",
    journal = {\aaps},
    year = 1974,
    month = jun,
    volume = 15,
    pages = {417},
    adsurl = {http://adsabs.harvard.edu/abs/1974A%26AS...15..417H},
    adsnote = {Provided by the SAO/NASA Astrophysics Data System}
}


III

JJJ

@ARTICLE{Jacobs2011,
   author = {{Jacobs}, D.~C. and {Aguirre}, J.~E. and {Parsons}, A.~R. and 
	{Pober}, J.~C. and {Bradley}, R.~F. and {Carilli}, C.~L. and 
	{Gugliucci}, N.~E. and {Manley}, J.~R. and {van der Merwe}, C. and 
	{Moore}, D.~F. and {Parashare}, C.~R.},
    title = "{New 145 MHz Source Measurements by PAPER in the Southern Sky}",
  journal = {\apjl},
archivePrefix = "arXiv",
   eprint = {1105.1367},
 primaryClass = "astro-ph.CO",
 keywords = {catalogs, dark ages, reionization, first stars, instrumentation: interferometers},
     year = 2011,
    month = jun,
   volume = 734,
      eid = {L34},
    pages = {L34},
      doi = {10.1088/2041-8205/734/2/L34},
   adsurl = {http://adsabs.harvard.edu/abs/2011ApJ...734L..34J},
  adsnote = {Provided by the SAO/NASA Astrophysics Data System}
}

@PHDTHESIS{JacobsPHD,
   author = {{Jacobs}, D.~C.},
    title = "{The Epoch of Reionization: Foregrounds and calibration with PAPER}",
   school = {University of Pennsylvania},
     year = 2011,
    month = August,
   adsurl = {http://adsabs.harvard.edu/abs/2011PhDT........59J},
  adsnote = {Provided by the SAO/NASA Astrophysics Data System}
}

@ARTICLE{Jacobs2013b,
   author = {{Jacobs}, D.~C. and {Parsons}, A.~R. and {Aguirre}, J.~E. and 
	{Ali}, Z. and {Bowman}, J. and {Bradley}, R.~F. and {Carilli}, C.~L. and 
	{DeBoer}, D.~R. and {Dexter}, M.~R. and {Gugliucci}, N.~E. and 
	{Klima}, P. and {MacMahon}, D.~H.~E. and {Manley}, J.~R. and 
	{Moore}, D.~F. and {Pober}, J.~C. and {Stefan}, I.~I. and {Walbrugh}, W.~P.
	},
    title = "{A Flux Scale for Southern Hemisphere 21 cm Epoch of Reionization Experiments}",
  journal = {\apj},
archivePrefix = "arXiv",
   eprint = {1307.7716},
 primaryClass = "astro-ph.CO",
 keywords = {dark ages, reionization, first stars, catalogs, instrumentation: interferometers}, year = 2013,
    month = oct,
   volume = 776,
      eid = {108},
    pages = {108},
      doi = {10.1088/0004-637X/776/2/108},
   adsurl = {http://adsabs.harvard.edu/abs/2013ApJ...776..108J},
  adsnote = {Provided by the SAO/NASA Astrophysics Data System}
}

@ARTICLE{Jacobs2014,
   author = {{Jacobs}, D.~C. and {Pober}, J.~C. and {Parsons}, A.~R. and 
	{Aguirre}, J.~E. and {Ali}, Z. and {Bowman}, J. and {Bradley}, R.~F. and 
	{Carilli}, C.~L. and {DeBoer}, D.~R. and {Dexter}, M.~R. and 
	{Gugliucci}, N.~E. and {Klima}, P. and {Liu}, A. and {MacMahon}, D.~H.~E. and 
	{Manley}, J.~R. and {Moore}, D.~F. and {Stefan}, I.~I. and {Walbrugh}, W.~P.
	},
    title = "{Multi-redshift limits on the 21cm power spectrum from PAPER}",
  journal = {ArXiv e-prints},
archivePrefix = "arXiv",
   eprint = {1408.3389},
 keywords = {Astrophysics - Cosmology and Nongalactic Astrophysics, Astrophysics - Instrumentation and Methods for Astrophysics},
     year = 2014,
    month = aug,
   adsurl = {http://adsabs.harvard.edu/abs/2014arXiv1408.3389J},
  adsnote = {Provided by the SAO/NASA Astrophysics Data System}
}

@ARTICLE{Jelic2010,
    author = {{Jeli{\'c}}, V. and {Zaroubi}, S. and {Labropoulos}, P. and {Bernardi}, G. and {de Bruyn}, A.~G. and {Koopmans}, L.~V.~E.},
    title = "{Realistic simulations of the Galactic polarized foreground: consequences for 21-cm reionization detection experiments}",
    journal = {\mnras},
    archivePrefix = "arXiv",
    eprint = {1007.4135},
    primaryClass = "astro-ph.GA",
    keywords = {polarization, radiation mechanisms: non-thermal, instrumentation: interferometers, cosmology: observations, radio continuum: general},
    year = 2010,
    month = dec,
    volume = 409,
    pages = {1647-1659},
    doi = {10.1111/j.1365-2966.2010.17407.x},
    adsurl = {http://adsabs.harvard.edu/abs/2010MNRAS.409.1647J},
    adsnote = {Provided by the SAO/NASA Astrophysics Data System}
}
@ARTICLE{Jelic2014,
   author = {{Jeli{\'c}}, V. and {de Bruyn}, A.~G. and {Mevius}, M. and {Abdalla}, F.~B. and 
	{Asad}, K.~M.~B. and {Bernardi}, G. and {Brentjens}, M.~A. and 
	{Bus}, S. and {Chapman}, E. and {Ciardi}, B. and {Daiboo}, S. and 
	{Fernandez}, E.~R. and {Ghosh}, A. and {Harker}, G. and {Jensen}, H. and 
	{Kazemi}, S. and {Koopmans}, L.~V.~E. and {Labropoulos}, P. and 
	{Martinez-Rubi}, O. and {Mellema}, G. and {Offringa}, A.~R. and 
	{Pandey}, V.~N. and {Patil}, A.~H. and {Thomas}, R.~M. and {Vedantham}, H.~K. and 
	{Veligatla}, V. and {Yatawatta}, S. and {Zaroubi}, S. and {Alexov}, A. and 
	{Anderson}, J. and {Avruch}, I.~M. and {Beck}, R. and {Bell}, M.~E. and 
	{Bentum}, M.~J. and {Best}, P. and {Bonafede}, A. and {Bregman}, J. and 
	{Breitling}, F. and {Broderick}, J. and {Brouw}, W.~N. and {Br{\"u}ggen}, M. and 
	{Butcher}, H.~R. and {Conway}, J.~E. and {de Gasperin}, F. and 
	{de Geus}, E. and {Deller}, A. and {Dettmar}, R.-J. and {Duscha}, S. and 
	{Eisl{\"o}ffel}, J. and {Engels}, D. and {Falcke}, H. and {Fallows}, R.~A. and 
	{Fender}, R. and {Ferrari}, C. and {Frieswijk}, W. and {Garrett}, M.~A. and 
	{Grie{\ss}meier}, J. and {Gunst}, A.~W. and {Hamaker}, J.~P. and 
	{Hassall}, T.~E. and {Haverkorn}, M. and {Heald}, G. and {Hessels}, J.~W.~T. and 
	{Hoeft}, M. and {H{\"o}randel}, J. and {Horneffer}, A. and {van der Horst}, A. and 
	{Iacobelli}, M. and {Juette}, E. and {Karastergiou}, A. and 
	{Kondratiev}, V.~I. and {Kramer}, M. and {Kuniyoshi}, M. and 
	{Kuper}, G. and {van Leeuwen}, J. and {Maat}, P. and {Mann}, G. and 
	{McKay-Bukowski}, D. and {McKean}, J.~P. and {Munk}, H. and 
	{Nelles}, A. and {Norden}, M.~J. and {Paas}, H. and {Pandey-Pommier}, M. and 
	{Pietka}, G. and {Pizzo}, R. and {Polatidis}, A.~G. and {Reich}, W. and 
	{R{\"o}ttgering}, H. and {Rowlinson}, A. and {Scaife}, A.~M.~M. and 
	{Schwarz}, D. and {Serylak}, M. and {Smirnov}, O. and {Steinmetz}, M. and 
	{Stewart}, A. and {Tagger}, M. and {Tang}, Y. and {Tasse}, C. and 
	{ter Veen}, S. and {Thoudam}, S. and {Toribio}, C. and {Vermeulen}, R. and 
	{Vocks}, C. and {van Weeren}, R.~J. and {Wijers}, R.~A.~M.~J. and 
	{Wijnholds}, S.~J. and {Wucknitz}, O. and {Zarka}, P.},
    title = "{Initial LOFAR observations of epoch of reionization windows. II. Diffuse polarized emission in the ELAIS-N1 field}",
  journal = {\aap},
archivePrefix = "arXiv",
   eprint = {1407.2093},
 keywords = {radio continuum: ISM, techniques: interferometric, techniques: polarimetric, cosmology: observations, diffuse radiation, dark ages, reionization, first stars},
     year = 2014,
    month = aug,
   volume = 568,
      eid = {A101},
    pages = {A101},
      doi = {10.1051/0004-6361/201423998},
   adsurl = {http://adsabs.harvard.edu/abs/2014A%26A...568A.101J},
  adsnote = {Provided by the SAO/NASA Astrophysics Data System}
}

KKK

@ARTICLE{Kogut2003,
   author = {{Kogut}, A. and {Spergel}, D.~N. and {Barnes}, C. and {Bennett}, C.~L. and 
	{Halpern}, M. and {Hinshaw}, G. and {Jarosik}, N. and {Limon}, M. and 
	{Meyer}, S.~S. and {Page}, L. and {Tucker}, G.~S. and {Wollack}, E. and 
	{Wright}, E.~L.},
    title = "{First-Year Wilkinson Microwave Anisotropy Probe (WMAP) Observations: Temperature-Polarization Correlation}",
  journal = {\apjs},
   eprint = {astro-ph/0302213},
 keywords = {Cosmology: Cosmic Microwave Background, Cosmology: Observations, Instrumentation: Polarimeters},
     year = 2003,
    month = sep,
   volume = 148,
    pages = {161-173},
      doi = {10.1086/377219},
   adsurl = {http://adsabs.harvard.edu/abs/2003ApJS..148..161K},
  adsnote = {Provided by the SAO/NASA Astrophysics Data System}
}

@ARTICLE{Komatsu2009,
   author = {{Komatsu}, E. and {Dunkley}, J. and {Nolta}, M.~R. and {Bennett}, C.~L. and 
	{Gold}, B. and {Hinshaw}, G. and {Jarosik}, N. and {Larson}, D. and 
	{Limon}, M. and {Page}, L. and {Spergel}, D.~N. and {Halpern}, M. and 
	{Hill}, R.~S. and {Kogut}, A. and {Meyer}, S.~S. and {Tucker}, G.~S. and 
	{Weiland}, J.~L. and {Wollack}, E. and {Wright}, E.~L.},
    title = "{Five-Year Wilkinson Microwave Anisotropy Probe Observations: Cosmological Interpretation}",
  journal = {\apjs},
archivePrefix = "arXiv",
   eprint = {0803.0547},
 keywords = {cosmic microwave background, cosmology: observations, dark matter, early universe, instrumentation: detectors, space vehicles: instruments, telescopes},
     year = 2009,
    month = feb,
   volume = 180,
    pages = {330-376},
      doi = {10.1088/0067-0049/180/2/330},
   adsurl = {http://adsabs.harvard.edu/abs/2009ApJS..180..330K},
  adsnote = {Provided by the SAO/NASA Astrophysics Data System}
}
@ARTICLE{Kovac2002,
   author = {{Kovac}, J.~M. and {Leitch}, E.~M. and {Pryke}, C. and {Carlstrom}, J.~E. and 
	{Halverson}, N.~W. and {Holzapfel}, W.~L.},
    title = "{Detection of polarization in the cosmic microwave background using DASI}",
  journal = {\nat},
   eprint = {astro-ph/0209478},
     year = 2002,
    month = dec,
   volume = 420,
    pages = {772-787},
      doi = {10.1038/nature01269},
   adsurl = {http://adsabs.harvard.edu/abs/2002Natur.420..772K},
  adsnote = {Provided by the SAO/NASA Astrophysics Data System}
}

@ARTICLE{Kronberg2011,
    author = {{Kronberg}, P.~P. and {Newton-McGee}, K.~J.},
    title = "{Remarkable Symmetries in the Milky Way Disc's Magnetic Field}",
    journal = {\pasa},
    archivePrefix = "arXiv",
    eprint = {0909.4753},
    primaryClass = "astro-ph.GA",
    keywords = {magnetic fields, methods: observational, Galaxy: disc, Galaxy: structure, radio continuum: ISM,},
    year = 2011,
    month = jun,
    volume = 28,
    pages = {171-176},
    doi = {10.1071/AS10045},
    adsurl = {http://adsabs.harvard.edu/abs/2011PASA...28..171K},
    adsnote = {Provided by the SAO/NASA Astrophysics Data System}
}

LLL

@ARTICLE{Landecker2000,
   author = {{Landecker}, T.~L. and {Dewdney}, P.~E. and {Burgess}, T.~A. and 
	{Gray}, A.~D. and {Higgs}, L.~A. and {Hoffmann}, A.~P. and {Hovey}, G.~J. and 
	{Karpa}, D.~R. and {Lacey}, J.~D. and {Prowse}, N. and {Purton}, C.~R. and 
	{Roger}, R.~S. and {Willis}, A.~G. and {Wyslouzil}, W. and {Routledge}, D. and 
	{Vaneldik}, J.~F.},

   title = "{The synthesis telescope at the Dominion Radio Astrophysical Observatory}",
  journal = {\aaps},
   eprint = {astro-ph/0006415},
 keywords = {RADIO TELESCOPES, APERTURE SYNTHESIS, WIDE-FIELD IMAGING, SPECTROSCOPY},
 year = 2000,
    month = sep,
   volume = 145,
    pages = {509-524},
      doi = {10.1051/aas:2000257},
   adsurl = {http://adsabs.harvard.edu/abs/2000A%26AS..145..509L},
  adsnote = {Provided by the SAO/NASA Astrophysics Data System}
}

@ARTICLE{Law2011,
    author = {{Law}, C.~J. and {Gaensler}, B.~M. and {Bower}, G.~C. and {Backer}, D.~C. and {Bauermeister}, A. and {Croft}, S. and {Forster}, R. and {Gutierrez-Kraybill}, C. and {Harvey-Smith}, L. and {Heiles}, C. and {Hull}, C. and {Keating}, G. and {MacMahon}, D. and {Whysong}, D. and {Williams}, P.~K.~G. and {Wright}, M.},
    title = "{Spectropolarimetry with the Allen Telescope Array: Faraday Rotation Toward Bright Polarized Radio Galaxies}",
    journal = {\apj},
    archivePrefix = "arXiv",
    eprint = {1012.0945},
    primaryClass = "astro-ph.CO",
    keywords = {galaxies: magnetic fields, radio continuum: galaxies, surveys, techniques: polarimetric},
    year = 2011,
    month = feb,
    volume = 728,
    eid = {57},
    pages = {57},
    doi = {10.1088/0004-637X/728/1/57},
    adsurl = {http://adsabs.harvard.edu/abs/2011ApJ...728...57L},
    adsnote = {Provided by the SAO/NASA Astrophysics Data System}
}

@ARTICLE{Lidz2008,
    author = {{Lidz}, A. and {Zahn}, O. and {McQuinn}, M. and {Zaldarriaga}, M. and {Hernquist}, L.},
    title = "{Detecting the Rise and Fall of 21 cm Fluctuations with the Murchison Widefield Array}",
    journal = {\apj},
    archivePrefix = "arXiv",
    eprint = {0711.4373},
    keywords = {Cosmology: Theory, Galaxies: Intergalactic Medium, Cosmology: Large-Scale Structure of Universe},
    year = 2008,
    month = jun,
    volume = 680,
    pages = {962-974},
    doi = {10.1086/587618},
    adsurl = {http://adsabs.harvard.edu/abs/2008ApJ...680..962L},
    adsnote = {Provided by the SAO/NASA Astrophysics Data System}
}

@ARTICLE{Lomb1976,
    author = {{Lomb}, N.~R.},
    title = "{Least-squares frequency analysis of unequally spaced data}",
    journal = {\apss},
    keywords = {ASTRONOMY, DATA REDUCTION, LEAST SQUARES METHOD, BACKGROUND NOISE, POWER SPECTRA, SINE WAVES, SPECTRUM ANALYSIS, STATISTICAL ANALYSIS, VARIABLE STARS},
    year = 1976,
    month = feb,
    volume = 39,
    pages = {447-462},
    doi = {10.1007/BF00648343},
    adsurl = {http://adsabs.harvard.edu/abs/1976Ap%26SS..39..447L},
    adsnote = {Provided by the SAO/NASA Astrophysics Data System}
}

@ARTICLE{Liu2009b,
   author = {{Liu}, A. and {Tegmark}, M. and {Bowman}, J. and {Hewitt}, J. and 
	{Zaldarriaga}, M.},
    title = "{An improved method for 21-cm foreground removal}",
  journal = {\mnras},
archivePrefix = "arXiv",
   eprint = {0903.4890},
 primaryClass = "astro-ph.CO",
 keywords = {methods: data analysis , techniques: interferometric , early Universe , radio lines: general},
     year = 2009,
    month = sep,
   volume = 398,
    pages = {401-406},
      doi = {10.1111/j.1365-2966.2009.15156.x},
   adsurl = {http://adsabs.harvard.edu/abs/2009MNRAS.398..401L},
  adsnote = {Provided by the SAO/NASA Astrophysics Data System}
}
@ARTICLE{Liu2009,
    author = {{Liu}, A. and {Tegmark}, M. and {Zaldarriaga}, M.},
    title = "{Will point sources spoil 21-cm tomography?}",
    journal = {\mnras},
    archivePrefix = "arXiv",
    eprint = {0807.3952},
    keywords = {methods: data analysis , techniques: interferometric , early Universe , radio lines: general},
    year = 2009,
    month = apr,
    volume = 394,
    pages = {1575-1587},
    doi = {10.1111/j.1365-2966.2009.14426.x},
    adsurl = {http://adsabs.harvard.edu/abs/2009MNRAS.394.1575L},
    adsnote = {Provided by the SAO/NASA Astrophysics Data System}
}
@ARTICLE{Liu2010,
   author = {{Liu}, A. and {Tegmark}, M. and {Morrison}, S. and {Lutomirski}, A. and 
	{Zaldarriaga}, M.},
    title = "{Precision calibration of radio interferometers using redundant baselines}",
  journal = {\mnras},
archivePrefix = "arXiv",
   eprint = {1001.5268},
 primaryClass = "astro-ph.IM",
 keywords = {instrumentation: interferometers, methods: data analysis, cosmology: observations, radio continuum: general},
     year = 2010,
    month = oct,
   volume = 408,
    pages = {1029-1050},
      doi = {10.1111/j.1365-2966.2010.17174.x},
   adsurl = {http://adsabs.harvard.edu/abs/2010MNRAS.408.1029L},
  adsnote = {Provided by the SAO/NASA Astrophysics Data System}
}
@ARTICLE{LiuTegmark2011,
    author = {{Liu}, A. and {Tegmark}, M.},
    title = "{A method for 21 cm power spectrum estimation in the presence of foregrounds}",
    journal = {\prd},
    archivePrefix = "arXiv",
    eprint = {1103.0281},
    primaryClass = "astro-ph.CO",
    keywords = {Observation and data reduction techniques; computer modeling and simulation, Mathematical procedures and computer techniques, Observational cosmology},
    year = 2011,
    month = may,
    volume = 83,
    number = 10,
    eid = {103006},
    pages = {103006},
    doi = {10.1103/PhysRevD.83.103006},
    adsurl = {http://adsabs.harvard.edu/abs/2011PhRvD..83j3006L},
    adsnote = {Provided by the SAO/NASA Astrophysics Data System}
}

@ARTICLE{Liu2013,
   author = {{Liu}, A. and {Pritchard}, J.~R. and {Tegmark}, M. and {Loeb}, A.
	},
    title = "{Global 21 cm signal experiments: A designer's guide}",
  journal = {\prd},
archivePrefix = "arXiv",
   eprint = {1211.3743},
 primaryClass = "astro-ph.CO",
 keywords = {Observation and data reduction techniques, computer modeling and simulation, Mathematical procedures and computer techniques, Cosmology, Observational cosmology},
     year = 2013,
    month = feb,
   volume = 87,
   number = 4,
      eid = {043002},
    pages = {043002},
      doi = {10.1103/PhysRevD.87.043002},
   adsurl = {http://adsabs.harvard.edu/abs/2013PhRvD..87d3002L},
  adsnote = {Provided by the SAO/NASA Astrophysics Data System}
}
@ARTICLE{Liu2014,
   author = {{Liu}, A. and {Parsons}, A.~R. and {Trott}, C.~M.},
    title = "{Epoch of reionization window. I. Mathematical formalism}",
  journal = {\prd},
archivePrefix = "arXiv",
   eprint = {1404.2596},
 keywords = {Observation and data reduction techniques, computer modeling and simulation, Mathematical procedures and computer techniques, Cosmology, Observational cosmology},
     year = 2014,
    month = jul,
   volume = 90,
   number = 2,
      eid = {023018},
    pages = {023018},
      doi = {10.1103/PhysRevD.90.023018},
   adsurl = {http://adsabs.harvard.edu/abs/2014PhRvD..90b3018L},
  adsnote = {Provided by the SAO/NASA Astrophysics Data System}
}

MMM
@ARTICLE{McQuinn2006,
   author = {{McQuinn}, M. and {Zahn}, O. and {Zaldarriaga}, M. and {Hernquist}, L. and 
	{Furlanetto}, S.~R.},
    title = "{Cosmological Parameter Estimation Using 21 cm Radiation from the Epoch of Reionization}",
  journal = {\apj},
   eprint = {astro-ph/0512263},
 keywords = {Cosmology: Theory, Galaxies: Intergalactic Medium, Radio Lines: General},
     year = 2006,
    month = dec,
   volume = 653,
    pages = {815-834},
      doi = {10.1086/505167},
   adsurl = {http://adsabs.harvard.edu/abs/2006ApJ...653..815M},
  adsnote = {Provided by the SAO/NASA Astrophysics Data System}
}
@ARTICLE{Mirocha2013,
   author = {{Mirocha}, J. and {Harker}, G.~J.~A. and {Burns}, J.~O.},
    title = "{Interpreting the Global 21 cm Signal from High Redshifts. I. Model-independent constraints}",
  journal = {\apj},
archivePrefix = "arXiv",
   eprint = {1309.2296},
 primaryClass = "astro-ph.CO",
 keywords = {dark ages, reionization, first stars, diffuse radiation},
     year = 2013,
    month = nov,
   volume = 777,
      eid = {118},
    pages = {118},
      doi = {10.1088/0004-637X/777/2/118},
   adsurl = {http://adsabs.harvard.edu/abs/2013ApJ...777..118M},
  adsnote = {Provided by the SAO/NASA Astrophysics Data System}
}
@ARTICLE{Moore2013,
    author = {{Moore}, D.~F. and {Aguirre}, J.~E. and {Parsons}, A.~R. and {Jacobs}, D.~C. and {Pober}, J.~C.},
    title = "{The Effects of Polarized Foregrounds on 21 cm Epoch of Reionization Power Spectrum Measurements}",
    journal = {\apj},
    archivePrefix = "arXiv",
    eprint = {1302.0876},
    primaryClass = "astro-ph.CO",
    keywords = {cosmology: observations, instrumentation: interferometers, instrumentation: polarimeters},
    year = 2013,
    month = jun,
    volume = 769,
    eid = {154},
    pages = {154},
    doi = {10.1088/0004-637X/769/2/154},
    adsurl = {http://adsabs.harvard.edu/abs/2013ApJ...769..154M},
    adsnote = {Provided by the SAO/NASA Astrophysics Data System}
}

@ARTICLE{Moore2014,
  author = {{Moore}, D.~F. and others},
  title = "{New Measurements of Polarized Power Spectra at 126 and 164 MHz}",
  journal = {in prep.},
  year = 2014,
}

@ARTICLE{Morales2006,
    author = {{Morales}, M.~F. and {Bowman}, J.~D. and {Hewitt}, J.~N.},
    title = "{Improving Foreground Subtraction in Statistical Observations of 21 cm Emission from the Epoch of Reionization}",
    journal = {\apj},
    eprint = {arXiv:astro-ph/0510027},
    keywords = {Cosmology: Observations, Radio Lines: Galaxies},
    year = 2006,
    month = sep,
    volume = 648,
    pages = {767-773},
    doi = {10.1086/506135},
    adsurl = {http://adsabs.harvard.edu/abs/2006ApJ...648..767M},
    adsnote = {Provided by the SAO/NASA Astrophysics Data System}
}

@ARTICLE{Morales2012,
    author = {{Morales}, M.~F. and {Hazelton}, B. and {Sullivan}, I. and {Beardsley}, A.},
    title = "{Four Fundamental Foreground Power Spectrum Shapes for 21cm Cosmology Observations}",
    journal = {\apj},
    archivePrefix = "arXiv",
    eprint = {1202.3830},
    primaryClass = "astro-ph.IM",
    keywords = {cosmology: observations, methods: data analysis, techniques: interferometric },
    year = 2012,
    month = jun,
    volume = 752,
    eid = {137},
    pages = {137},
    doi = {10.1088/0004-637X/752/2/137},
    adsurl = {http://adsabs.harvard.edu/abs/2012ApJ...752..137M},
    adsnote = {Provided by the SAO/NASA Astrophysics Data System}
}
NNN

OOO

@ARTICLE{Oppermann2012,
    author = {{Oppermann}, N. and {Junklewitz}, H. and {Robbers}, G. and {Bell}, M.~R. and {En{\ss}lin}, T.~A. and {Bonafede}, A. and {Braun}, R. and {Brown}, J.~C. and {Clarke}, T.~E. and {Feain}, I.~J. and {Gaensler}, B.~M. and {Hammond}, A. and {Harvey-Smith}, L. and {Heald}, G. and {Johnston-Hollitt}, M. and {Klein}, U. and {Kronberg}, P.~P. and {Mao}, S.~A. and {McClure-Griffiths}, N.~M. and {O'Sullivan}, S.~P. and {Pratley}, L. and {Robishaw}, T. and {Roy}, S. and {Schnitzeler}, D.~H.~F.~M. and {Sotomayor-Beltran}, C. and {Stevens}, J. and {Stil}, J.~M. and {Sunstrum}, C. and {Tanna}, A. and {Taylor}, A.~R. and {Van Eck}, C.~L.},
    title = "{An improved map of the Galactic Faraday sky}",
    journal = {\aap},
    archivePrefix = "arXiv",
    eprint = {1111.6186},
    primaryClass = "astro-ph.GA",
    keywords = {galaxies: magnetic fields, Galaxy: structure, ISM: magnetic fields, radio continuum: ISM, methods: data analysis, techniques: polarimetric},
    year = 2012,
    month = jun,
    volume = 542,
    eid = {A93},
    pages = {A93},
    doi = {10.1051/0004-6361/201118526},
    adsurl = {http://adsabs.harvard.edu/abs/2012A%26A...542A..93O},
    adsnote = {Provided by the SAO/NASA Astrophysics Data System}
}
@ARTICLE{Oppermann2014,
   author = {{Oppermann}, N. and {Junklewitz}, H. and {Greiner}, M. and {En{\ss}lin}, T.~A. and 
	{Akahori}, T. and {Carretti}, E. and {Gaensler}, B.~M. and {Goobar}, A. and 
	{Harvey-Smith}, L. and {Johnston-Hollitt}, M. and {Pratley}, L. and 
	{Schnitzeler}, D.~H.~F.~M. and {Stil}, J.~M. and {Vacca}, V.
	},
    title = "{Estimating extragalactic Faraday rotation}",
  journal = {ArXiv e-prints},
archivePrefix = "arXiv",
   eprint = {1404.3701},
 primaryClass = "astro-ph.IM",
 keywords = {Astrophysics - Instrumentation and Methods for Astrophysics, Astrophysics - Cosmology and Nongalactic Astrophysics, Astrophysics - Astrophysics of Galaxies},
     year = 2014,
    month = apr,
   adsurl = {http://adsabs.harvard.edu/abs/2014arXiv1404.3701O},
  adsnote = {Provided by the SAO/NASA Astrophysics Data System}
}


PPP
@ARTICLE{Paciga2013,
    author = {{Paciga}, G. and {Albert}, J.~G. and {Bandura}, K. and {Chang}, T.-C. and {Gupta}, Y. and {Hirata}, C. and {Odegova}, J. and {Pen}, U.-L. and {Peterson}, J.~B. and {Roy}, J. and {Shaw}, J.~R. and {Sigurdson}, K. and {Voytek}, T.},
    title = "{A simulation-calibrated limit on the H I power spectrum from the GMRT Epoch of Reionization experiment}",
    journal = {\mnras},
    archivePrefix = "arXiv",
    eprint = {1301.5906},
    primaryClass = "astro-ph.CO",
    keywords = {intergalactic medium, cosmology: observations, diffuse radiation, radio lines: general},
    year = 2013,
    month = jul,
    volume = 433,
    pages = {639-647},
    doi = {10.1093/mnras/stt753},
    adsurl = {http://adsabs.harvard.edu/abs/2013MNRAS.433..639P},
    adsnote = {Provided by the SAO/NASA Astrophysics Data System}
}


@ARTICLE{PGB8,
    author = {{Parsons}, A.~R. and {Backer}, D.~C. and {Foster}, G.~S. and {Wright}, M.~C.~H. and {Bradley}, R.~F. and {Gugliucci}, N.~E. and {Parashare}, C.~R. and {Benoit}, E.~E. and {Aguirre}, J.~E. and {Jacobs}, D.~C. and {Carilli}, C.~L. and {Herne}, D. and {Lynch}, M.~J. and {Manley}, J.~R. and {Werthimer}, D.~J.},
    title = "{The Precision Array for Probing the Epoch of Re-ionization: Eight Station Results}",
    ournal = {\aj},
    hivePrefix = "arXiv",
    eprint = {0904.2334},
    imaryClass = "astro-ph.CO",
    ywords = {cosmology: observations, instrumentation: interferometers, radio continuum: general, techniques: interferometric, site testing, telescopes},
    year = 2010,
    month = apr,
    volume = 139,
    pages = {1468-1480},
    oi = {10.1088/0004-6256/139/4/1468},
    adsurl = {http://adsabs.harvard.edu/abs/2010AJ....139.1468P},
    adsnote = {Provided by the SAO/NASA Astrophysics Data System}
}

@ARTICLE{Parsons2009,
    author = {{Parsons}, A.~R. and {Backer}, D.~C.},
    title = "{Calibration of Low-Frequency, Wide-Field Radio Interferometers Using Delay/Delay-Rate Filtering}",
    journal = {\aj},
    archivePrefix = "arXiv",
    eprint = {0901.2575},
    primaryClass = "astro-ph.IM",
    keywords = {instrumentation: interferometers, methods: data analysis, techniques: interferometric},
    year = 2009,
    month = jul,
    volume = 138,
    pages = {219-226},
    doi = {10.1088/0004-6256/138/1/219},
    adsurl = {http://adsabs.harvard.edu/abs/2009AJ....138..219P},
    adsnote = {Provided by the SAO/NASA Astrophysics Data System}
}

@ARTICLE{PAPERSensitivity,
    author = {{Parsons}, A. and {Pober}, J. and {McQuinn}, M. and {Jacobs}, D. and {Aguirre}, J.},
    title = "{A Sensitivity and Array-configuration Study for Measuring the Power Spectrum of 21 cm Emission from Reionization}",
    journal = {\apj},
    archivePrefix = "arXiv",
    eprint = {1103.2135},
    primaryClass = "astro-ph.IM",
    keywords = {cosmology: observations, instrumentation: interferometers, methods: observational, techniques: interferometric, telescopes},
    year = 2012,
    month = jul,
    volume = 753,
    eid = {81},
    pages = {81},
    doi = {10.1088/0004-637X/753/1/81},
    adsurl = {http://adsabs.harvard.edu/abs/2012ApJ...753...81P},
    adsnote = {Provided by the SAO/NASA Astrophysics Data System}
}

@ARTICLE{DelaySpectrum,
    author = {{Parsons}, A.~R. and {Pober}, J.~C. and {Aguirre}, J.~E. and {Carilli}, C.~L. and {Jacobs}, D.~C. and {Moore}, D.~F.},
    title = "{A Per-baseline, Delay-spectrum Technique for Accessing the 21 cm Cosmic Reionization Signature}",
    journal = {\apj},
    archivePrefix = "arXiv",
    eprint = {1204.4749},
    primaryClass = "astro-ph.IM",
    keywords = {cosmology: observations, instrumentation: interferometers, radio continuum: general, site testing, techniques: interferometric, telescopes},
    year = 2012,
    month = sep,
    volume = 756,
    eid = {165},
    pages = {165},
    doi = {10.1088/0004-637X/756/2/165},
    adsurl = {http://adsabs.harvard.edu/abs/2012ApJ...756..165P},
    adsnote = {Provided by the SAO/NASA Astrophysics Data System}
}

@ARTICLE{Parsons2013,
    author = {{Parsons}, A.~R. and {Liu}, A. and {Aguirre}, J.~E. and {Ali}, Z.~S. and {Bradley}, R.~F. and {Carilli}, C.~L. and {DeBoer}, D.~R. and {Dexter}, M.~R. and {Gugliucci}, N.~E. and {Jacobs}, D.~C. and {Klima}, P. and {MacMahon}, D.~H.~E. and {Manley}, J.~R. and {Moore}, D.~F. and {Pober}, J.~C. and {Stefan}, I.~I. and {Walbrugh}, W.~P. },
    title = "{New Limits on 21cm EoR From PAPER-32 Consistent with an X-Ray Heated IGM at z=7.7}",
    journal = {ArXiv e-prints},
    archivePrefix = "arXiv",
    eprint = {1304.4991},
    primaryClass = "astro-ph.CO",
    keywords = {Astrophysics - Cosmology and Extragalactic Astrophysics, Astrophysics - Instrumentation and Methods for Astrophysics},
    year = 2013,
    month = apr,
    adsurl = {http://adsabs.harvard.edu/abs/2013arXiv1304.4991P},
    adsnote = {Provided by the SAO/NASA Astrophysics Data System}
}

@ARTICLE{Parsons2014,
   author = {{Parsons}, A.~R. and {Liu}, A. and {Aguirre}, J.~E. and {Ali}, Z.~S. and 
	{Bradley}, R.~F. and {Carilli}, C.~L. and {DeBoer}, D.~R. and 
	{Dexter}, M.~R. and {Gugliucci}, N.~E. and {Jacobs}, D.~C. and 
	{Klima}, P. and {MacMahon}, D.~H.~E. and {Manley}, J.~R. and 
	{Moore}, D.~F. and {Pober}, J.~C. and {Stefan}, I.~I. and {Walbrugh}, W.~P.
	},
    title = "{New Limits on 21cm Epoch of Reionization from PAPER-32 Consistent with an X-Ray Heated Intergalactic Medium at z = 7.7}",
  journal = {\apj},
 keywords = {cosmology: observations, dark ages, reionization, first stars, early universe, instrumentation: interferometers, intergalactic medium, radio continuum: general },
     year = 2014,
    month = jun,
   volume = 788,
      eid = {106},
    pages = {106},
      doi = {10.1088/0004-637X/788/2/106},
   adsurl = {http://adsabs.harvard.edu/abs/2014ApJ...788..106P},
  adsnote = {Provided by the SAO/NASA Astrophysics Data System}
}


@ARTICLE{Pen2009,
    author = {{Pen}, U.~L. and {Chang}, T.~C. and {Hirata}, C.~M. and {Peterson}, J.~B. and {Roy}, J. and {Gupta}, Y. and {Odegova}, J. and {Sigurdson}, K. },
    title = "{The GMRT EoR experiment: limits on polarized sky brightness at 150 MHz}",
    journal = {\mnras},
    archivePrefix = "arXiv",
    eprint = {0807.1056},
    keywords = {polarization , cosmology: observations , radio continuum: ISM},
    year = 2009,
    month = oct,
    volume = 399,
    pages = {181-194},
    doi = {10.1111/j.1365-2966.2009.14980.x},
    adsurl = {http://adsabs.harvard.edu/abs/2009MNRAS.399..181P},
    adsnote = {Provided by the SAO/NASA Astrophysics Data System}
}

@ARTICLE{Pober2014,
   author = {{Pober}, J.~C. and {Liu}, A. and {Dillon}, J.~S. and {Aguirre}, J.~E. and 
	{Bowman}, J.~D. and {Bradley}, R.~F. and {Carilli}, C.~L. and 
	{DeBoer}, D.~R. and {Hewitt}, J.~N. and {Jacobs}, D.~C. and 
	{McQuinn}, M. and {Morales}, M.~F. and {Parsons}, A.~R. and 
	{Tegmark}, M. and {Werthimer}, D.~J.},
    title = "{What Next-generation 21 cm Power Spectrum Measurements can Teach us About the Epoch of Reionization}",
  journal = {\apj},
archivePrefix = "arXiv",
   eprint = {1310.7031},
 keywords = {dark ages, reionization, first stars, techniques: interferometric },
     year = 2014,
    month = feb,
   volume = 782,
      eid = {66},
    pages = {66},
      doi = {10.1088/0004-637X/782/2/66},
   adsurl = {http://adsabs.harvard.edu/abs/2014ApJ...782...66P},
  adsnote = {Provided by the SAO/NASA Astrophysics Data System}
}

@ARTICLE{Pober2013,
    author = {{Pober}, J.~C. and {Parsons}, A.~R. and {Aguirre}, J.~E. and {Ali}, Z. and {Bradley}, R.~F. and {Carilli}, C.~L. and {DeBoer}, D. and {Dexter}, M. and {Gugliucci}, N.~E. and {Jacobs}, D.~C. and {Klima}, P.~J. and {MacMahon}, D. and {Manley}, J. and {Moore}, D.~F. and {Stefan}, I.~I. and {Walbrugh}, W.~P.},
    title = "{Opening the 21 cm Epoch of Reionization Window: Measurements of Foreground Isolation with PAPER}",
    journal = {\apjl},
    archivePrefix = "arXiv",
    eprint = {1301.7099},
    primaryClass = "astro-ph.CO",
    keywords = {cosmology: observations, dark ages, reionization, first stars, techniques: interferometric},
    year = 2013,
    month = may,
    volume = 768,
    eid = {L36},
    pages = {L36},
    doi = {10.1088/2041-8205/768/2/L36},
    adsurl = {http://adsabs.harvard.edu/abs/2013ApJ...768L..36P},
    adsnote = {Provided by the SAO/NASA Astrophysics Data System}
}

@ARTICLE{Pober2012,
    author = {{Pober}, J.~C. and {Parsons}, A.~R. and {Jacobs}, D.~C. and {Aguirre}, J.~E. and {Bradley}, R.~F. and {Carilli}, C.~L. and {Gugliucci}, N.~E. and {Moore}, D.~F. and {Parashare}, C.~R.},
    title = "{A Technique for Primary Beam Calibration of Drift-scanning, Wide-field Antenna Elements}",
    journal = {\aj},
    archivePrefix = "arXiv",
    eprint = {1111.2882},
    primaryClass = "astro-ph.IM",
    keywords = {instrumentation: interferometers, methods: miscellaneous, techniques: interferometric },
    year = 2012,
    month = feb,
    volume = 143,
    eid = {53},
    pages = {53},
    doi = {10.1088/0004-6256/143/2/53},
    adsurl = {http://adsabs.harvard.edu/abs/2012AJ....143...53P},
    adsnote = {Provided by the SAO/NASA Astrophysics Data System}
}
@ARTICLE{Pritchard2012,
   author = {{Pritchard}, J.~R. and {Loeb}, A.},
    title = "{21 cm cosmology in the 21st century}",
  journal = {Reports on Progress in Physics},
archivePrefix = "arXiv",
   eprint = {1109.6012},
 primaryClass = "astro-ph.CO",
     year = 2012,
    month = aug,
   volume = 75,
   number = 8,
      eid = {086901},
    pages = {086901},
      doi = {10.1088/0034-4885/75/8/086901},
   adsurl = {http://adsabs.harvard.edu/abs/2012RPPh...75h6901P},
  adsnote = {Provided by the SAO/NASA Astrophysics Data System}
}
@ARTICLE{Pshirkov2011,
    author = {{Pshirkov}, M.~S. and {Tinyakov}, P.~G. and {Kronberg}, P.~P. and {Newton-McGee}, K.~J.},
    title = "{Deriving the Global Structure of the Galactic Magnetic Field from Faraday Rotation Measures of Extragalactic Sources}",
    journal = {\apj},
    archivePrefix = "arXiv",
    eprint = {1103.0814},
    primaryClass = "astro-ph.GA",
    keywords = {Galaxy: structure, ISM: magnetic fields, methods: data analysis},
    year = 2011,
    month = sep,
    volume = 738,
    eid = {192},
    pages = {192},
    doi = {10.1088/0004-637X/738/2/192},
    adsurl = {http://adsabs.harvard.edu/abs/2011ApJ...738..192P},
    adsnote = {Provided by the SAO/NASA Astrophysics Data System}
}

QQQ

RRR

@ARTICLE{LOFAR,
    author = {{R{\"o}ttgering}, H.},
    title = "{LOFAR, a new low frequency radio telescope}",
    journal = {\nar},
    eprint = {arXiv:astro-ph/0309537},
    year = 2003,
    month = sep,
    volume = 47,
    pages = {405-409},
    doi = {10.1016/S1387-6473(03)00057-5},
    adsurl = {http://adsabs.harvard.edu/abs/2003NewAR..47..405R},
    adsnote = {Provided by the SAO/NASA Astrophysics Data System}
}

@BOOK{RybickiAndLightman,
    author = {{Rybicki}, G.~B. and {Lightman}, A.~P.},
    title = "{Radiative processes in astrophysics}",
    keywords = {ASTROPHYSICS, RADIATIVE TRANSFER, ATOMIC STRUCTURE, BREMSSTRAHLUNG, COMPTON EFFECT, COVARIANCE, KINEMATICS, MOLECULAR STRUCTURE, PLASMA RADIATION, RADIATION DISTRIBUTION, RELATIVISTIC EFFECTS, SYNCHROTRON RADIATION},
    booktitle = {New York, Wiley-Interscience, 1979.~393 p.},
    year = 1979,
    adsurl = {http://adsabs.harvard.edu/abs/1979rpa..book.....R},
    adsnote = {Provided by the SAO/NASA Astrophysics Data System}
}

SSS
@INPROCEEDINGS{MIRIAD,
   author = {{Sault}, R.~J. and {Teuben}, P.~J. and {Wright}, M.~C.~H.},
    title = "{A Retrospective View of MIRIAD}",
booktitle = {Astronomical Data Analysis Software and Systems IV},
     year = 1995,
   series = {Astronomical Society of the Pacific Conference Series},
   volume = 77,
   eprint = {astro-ph/0612759},
   editor = {{Shaw}, R.~A. and {Payne}, H.~E. and {Hayes}, J.~J.~E.},
    pages = {433},
   adsurl = {http://adsabs.harvard.edu/abs/1995ASPC...77..433S},
  adsnote = {Provided by the SAO/NASA Astrophysics Data System}
}

@ARTICLE{Scargle1982,
    author = {{Scargle}, J.~D.},
    title = "{Studies in astronomical time series analysis. II - Statistical aspects of spectral analysis of unevenly spaced data}",
    journal = {\apj},
    keywords = {ASTRONOMY, SIGNAL DETECTION, SPECTRUM ANALYSIS, STATISTICAL DISTRIBUTIONS, TIME SERIES ANALYSIS, FOURIER TRANSFORMATION, FREQUENCY RESPONSE, POWER SPECTRA, SIGNAL TO NOISE RATIOS},
    year = 1982,
    month = dec,
    volume = 263,
    pages = {835-853},
    doi = {10.1086/160554},
    adsurl = {http://adsabs.harvard.edu/abs/1982ApJ...263..835S},
    adsnote = {Provided by the SAO/NASA Astrophysics Data System}
}

@ARTICLE{CottonSchwab,
    author = {{Schwab}, F.~R.},
    title = "{Relaxing the isoplanatism assumption in self-calibration; applications to low-frequency radio interferometry}",
    journal = {\aj},
    keywords = {CALIBRATING, LOW FREQUENCIES, RADIO ASTRONOMY, RADIO INTERFEROMETERS, CORRELATION, INTERPOLATION, PENALTY FUNCTION},
    year = 1984,
    month = jul,
    volume = 89,
    pages = {1076-1081},
    doi = {10.1086/113605},
    adsurl = {http://adsabs.harvard.edu/abs/1984AJ.....89.1076S},
    adsnote = {Provided by the SAO/NASA Astrophysics Data System}
}
@ARTICLE{Spergel2003,
   author = {{Spergel}, D.~N. and {Verde}, L. and {Peiris}, H.~V. and {Komatsu}, E. and 
	{Nolta}, M.~R. and {Bennett}, C.~L. and {Halpern}, M. and {Hinshaw}, G. and 
	{Jarosik}, N. and {Kogut}, A. and {Limon}, M. and {Meyer}, S.~S. and 
	{Page}, L. and {Tucker}, G.~S. and {Weiland}, J.~L. and {Wollack}, E. and 
	{Wright}, E.~L.},
    title = "{First-Year Wilkinson Microwave Anisotropy Probe (WMAP) Observations: Determination of Cosmological Parameters}",
  journal = {\apjs},
   eprint = {astro-ph/0302209},
 keywords = {Cosmology: Cosmic Microwave Background, Cosmology: Cosmological Parameters- Cosmology: Observations, Cosmology: Early Universe},
     year = 2003,
    month = sep,
   volume = 148,
    pages = {175-194},
      doi = {10.1086/377226},
   adsurl = {http://adsabs.harvard.edu/abs/2003ApJS..148..175S},
  adsnote = {Provided by the SAO/NASA Astrophysics Data System}
}
@ARTICLE{Stefan2013,
   author = {{Stefan}, I.~I. and {Carilli}, C.~L. and {Green}, D.~A. and 
	{Ali}, Z. and {Aguirre}, J.~E. and {Bradley}, R.~F. and {DeBoer}, D. and 
	{Dexter}, M. and {Gugliucci}, N.~E. and {Harris}, D.~E. and 
	{Jacobs}, D.~C. and {Klima}, P. and {MacMahon}, D. and {Manley}, J. and 
	{Moore}, D.~F. and {Parsons}, A.~R. and {Pober}, J.~C. and {Walbrugh}, W.~P.
	},
    title = "{Imaging on PAPER: Centaurus A at 148 MHz}",
  journal = {\mnras},
archivePrefix = "arXiv",
   eprint = {1212.1624},
 primaryClass = "astro-ph.CO",
 keywords = {instrumentation: interferometers, galaxies: active, galaxies: individual: Centaurus A, galaxies: structure, X-rays: galaxies},
     year = 2013,
    month = jun,
   volume = 432,
    pages = {1285-1293},
      doi = {10.1093/mnras/stt548},
   adsurl = {http://adsabs.harvard.edu/abs/2013MNRAS.432.1285S},
  adsnote = {Provided by the SAO/NASA Astrophysics Data System}
}
@ARTICLE{Sunyaev1980,
   author = {{Sunyaev}, R.~A. and {Zeldovich}, I.~B.},
    title = "{Microwave background radiation as a probe of the contemporary structure and history of the universe}",
  journal = {\araa},
 keywords = {Background Radiation, Cosmology, Microwaves, Relic Radiation, Universe, Big Bang Cosmology, Compton Effect, Cosmic Gases, Energy Transfer, Galactic Clusters, Intergalactic Media, Microwave Spectra},
     year = 1980,
   volume = 18,
    pages = {537-560},
      doi = {10.1146/annurev.aa.18.090180.002541},
   adsurl = {http://adsabs.harvard.edu/abs/1980ARA%26A..18..537S},
  adsnote = {Provided by the SAO/NASA Astrophysics Data System}
}
TTT

@PROCEEDINGS{WhiteBook,
    title = "{Synthesis Imaging in Radio Astronomy II}",
    booktitle = {Synthesis Imaging in Radio Astronomy II},
    year = 1999,
    series = {Astronomical Society of the Pacific Conference Series},
    volume = 180,
    editor = {{Taylor}, G.~B. and {Carilli}, C.~L. and {Perley}, R.~A.},
    adsurl = {http://adsabs.harvard.edu/abs/1999ASPC..180.....T},
    adsnote = {Provided by the SAO/NASA Astrophysics Data System}
}

@ARTICLE{Taylor2009,
    author = {{Taylor}, A.~R. and {Stil}, J.~M. and {Sunstrum}, C.},
    title = "{A Rotation Measure Image of the Sky}",
    journal = {\apj},
    keywords = {catalogs, Galaxy: halo, magnetic fields, polarization},
    year = 2009,
    month = sep,
    volume = 702,
    pages = {1230-1236},
    doi = {10.1088/0004-637X/702/2/1230},
    adsurl = {http://adsabs.harvard.edu/abs/2009ApJ...702.1230T},
    adsnote = {Provided by the SAO/NASA Astrophysics Data System}
}
@ARTICLE{Taylor2014,
   author = {{Taylor}, J. and {Lidz}, A.},
    title = "{What do observations of the Lyman {$\alpha$} fraction tell us about reionization?}",
  journal = {\mnras},
archivePrefix = "arXiv",
   eprint = {1308.6322},
 primaryClass = "astro-ph.CO",
 keywords = {line: profiles, galaxies: high-redshift, intergalactic medium, cosmology: theory, dark ages, reionization, first stars, diffuse radiation},
     year = 2014,
    month = jan,
   volume = 437,
    pages = {2542-2553},
      doi = {10.1093/mnras/stt2067},
   adsurl = {http://adsabs.harvard.edu/abs/2014MNRAS.437.2542T},
  adsnote = {Provided by the SAO/NASA Astrophysics Data System}
}

@BOOK{TMS,
    author = {{Thompson}, A.~R. and {Moran}, J.~M. and {Swenson}, Jr., G.~W. },
    title = "{Interferometry and Synthesis in Radio Astronomy, 2nd Edition}",
    booktitle = {''Interferometry and synthesis in radio astronomy by A.~Richard Thompson, James M.~Moran, and George W.~Swenson, Jr.~2nd ed.~ New York : Wiley, c2001.xxiii, 692 p.~: ill.~; 25 cm.~''A Wiley-Interscience publication.''  Includes bibliographical references and indexes.~ISBN :  0471254924''},
    year = 2001,
    adsurl = {http://adsabs.harvard.edu/abs/2001isra.book.....T},
    adsnote = {Provided by the SAO/NASA Astrophysics Data System}
}

@ARTICLE{ThammaJamma2013,
    author = {{Thyagarajan}, N. and {Udaya Shankar}, N. and {Subrahmanyan}, R. and {Arcus}, W. and {Bernardi}, G. and {Bowman}, J.~D. and {Briggs}, F. and {Bunton}, J.~D. and {Cappallo}, R.~J. and {Corey}, B.~E. and {deSouza}, L. and {Emrich}, D. and {Gaensler}, B.~M. and {Goeke}, R.~F. and {Greenhill}, L.~J. and {Hazelton}, B.~J. and {Herne}, D. and {Hewitt}, J.~N. and {Johnston-Hollitt}, M. and {Kaplan}, D.~L. and {Kasper}, J.~C. and {Kincaid}, B.~B. and {Koenig}, R. and {Kratzenberg}, E. and {Lonsdale}, C.~J. and {Lynch}, M.~J. and {McWhirter}, S.~R. and {Mitchell}, D.~A. and {Morales}, M.~F. and {Morgan}, E.~H. and {Oberoi}, D. and {Ord}, S.~M. and {Pathikulangara}, J. and {Remillard}, R.~A. and {Rogers}, A.~E.~E. and {Anish Roshi}, D. and {Salah}, J.~E. and {Sault}, R.~J. and {Srivani}, K.~S. and {Stevens}, J.~B. and {Thiagaraj}, P. and {Tingay}, S.~J. and {Wayth}, R.~B. and {Waterson}, M. and {Webster}, R.~L. and {Whitney}, A.~R. and {Williams}, A.~J. and {Williams}, C.~L. and {Wyithe}, J.~S.~B.},
    title = "{A Study of Fundamental Limitations to Statistical Detection of Redshifted H I from the Epoch of Reionization}",
    journal = {\apj},
    archivePrefix = "arXiv",
    eprint = {1308.0565},
    primaryClass = "astro-ph.CO",
    keywords = {dark ages, reionization, first stars, large-scale structure of universe, methods: statistical, radio continuum: galaxies, radio lines: general, techniques: interferometric },
    year = 2013,
    month = oct,
    volume = 776,
    eid = {6},
    pages = {6},
    doi = {10.1088/0004-637X/776/1/6},
    adsurl = {http://adsabs.harvard.edu/abs/2013ApJ...776....6T},
    adsnote = {Provided by the SAO/NASA Astrophysics Data System}
}

@ARTICLE{MWA,
    author = {{Tingay}, S.~J. and {Goeke}, R. and {Bowman}, J.~D. and {Emrich}, D. and  {Ord}, S.~M. and {Mitchell}, D.~A. and {Morales}, M.~F. and  {Booler}, T. and {Crosse}, B. and {Pallot}, D. and {Wicenec}, A. and {Arcus}, W. and {Barnes}, D. and {Bernardi}, G. and {Briggs}, F. and {Burns}, S. and {Bunton}, J.~D. and {Cappallo}, R.~J. and {Colegate}, T. and {Corey}, B.~E. and {Deshpande}, A. and {deSouza}, L. and {Gaensler}, B.~M. and {Greenhill}, L.~J. and {Hall}, J. and {Hazelton}, B.~J. and {Herne}, D. and {Hewitt}, J.~N. and {Johnston-Hollitt}, M. and {Kaplan}, D.~L. and {Kasper}, J.~C. and {Kincaid}, B.~B. and {Koenig}, R. and {Kratzenberg}, E. and {Lonsdale}, C.~J. and {Lynch}, M.~J. and {McKinley}, B. and {McWhirter}, S.~R. and {Morgan}, E. and {Oberoi}, D. and {Pathikulangara}, J. and {Prabu}, T. and {Remillard}, R.~A. and {Rogers}, A.~E.~E. and {Roshi}, A. and {Salah}, J.~E. and {Sault}, R.~J. and {Udaya-Shankar}, N. and {Schlagenhaufer}, F. and {Srivani}, K.~S. and {Stevens}, J. and {Subrahmanyan}, R. and {Tremblay}, S. and {Wayth}, R.~B. and {Waterson}, M. and {Webster}, R.~L. and {Whitney}, A.~R. and {Williams}, A. and {Williams}, C.~L. and {Wyithe}, J.~S.~B.},
    title = "{The Murchison Widefield Array: the Square Kilometre Array Precursor at low radio frequencies}",
    journal = {ArXiv e-prints},
    archivePrefix = "arXiv",
    eprint = {1206.6945},
    primaryClass = "astro-ph.IM",
    keywords = {Astrophysics - Instrumentation and Methods for Astrophysics},
    year = 2012,
    month = jun,
    adsurl = {http://adsabs.harvard.edu/abs/2012arXiv1206.6945T},
    adsnote = {Provided by the SAO/NASA Astrophysics Data System}
}

@ARTICLE{Tucci2012,
   author = {{Tucci}, M. and {Toffolatti}, L.},
    title = "{The Impact of Polarized Extragalactic Radio Sources on the Detection of CMB Anisotropies in Polarization}",
  journal = {Advances in Astronomy},
archivePrefix = "arXiv",
   eprint = {1204.0427},
 primaryClass = "astro-ph.CO",
     year = 2012,
    month = dec,
   volume = 2012,
      eid = {624987},
    pages = {52},
      doi = {10.1155/2012/624987},
   adsurl = {http://adsabs.harvard.edu/abs/2012AdAst2012E..52T},
  adsnote = {Provided by the SAO/NASA Astrophysics Data System}
}

UUU

VVV

@ARTICLE{Polyphase,
    author={Vaidyanathan, P.P.},
    journal={Proceedings of the IEEE}, 
    title={Multirate digital filters, filter banks, polyphase networks, and applications: a tutorial},
    year={1990},
    month={jan},
    volume={78},
    number={1},
    pages={56 -93},
    keywords={M-band quadrature mirror filter;QMF banks;block digital filtering;building blocks;digital audio;digital crossover networks;errors;filter banks;fractional sampling rate conversion;multirate coding;multirate digital signal processing;narrowband filter coefficients;periodically time-varying systems;polyphase networks;signal reconstruction;subband coding;voice privacy systems;digital filters;encoding;filtering and prediction theory;signal processing;},
    doi={10.1109/5.52200},
    ISSN={0018-9219},
}

WWW
@ARTICLE{Westfold1959,
   author = {{Westfold}, K.~C.},
    title = "{The Polarization of Synchrotron Radiation.}",
  journal = {\apj},
     year = 1959,
    month = jul,
   volume = 130,
    pages = {241},
      doi = {10.1086/146713},
   adsurl = {http://adsabs.harvard.edu/abs/1959ApJ...130..241W},
  adsnote = {Provided by the SAO/NASA Astrophysics Data System}
}

@ARTICLE{White1999,
    author = {{White}, M. and {Carlstrom}, J.~E. and {Dragovan}, M. and {Holzapfel}, W.~L.},
    title = "{Interferometric Observation of Cosmic Microwave Background Anisotropies}",
    journal = {\apj},
    eprint = {arXiv:astro-ph/9712195},
    keywords = {COSMOLOGY: COSMIC MICROWAVE BACKGROUND, COSMOLOGY: THEORY, TECHNIQUES: INTERFEROMETRIC},
    year = 1999,
    month = mar,
    volume = 514,
    pages = {12-24},
    doi = {10.1086/306911},
    adsurl = {http://adsabs.harvard.edu/abs/1999ApJ...514...12W},
    adsnote = {Provided by the SAO/NASA Astrophysics Data System}
}


@ARTICLE{Williams2012,
    author = {{Williams}, C.~L. and {Hewitt}, J.~N. and {Levine}, A.~M. and 
        {de Oliveira-Costa}, A. and {Bowman}, J.~D. and {Briggs}, F.~H. and 
	    {Gaensler}, B.~M. and {Hernquist}, L.~L. and {Mitchell}, D.~A. and 
	    {Morales}, M.~F. and {Sethi}, S.~K. and {Subrahmanyan}, R. and 
	    {Sadler}, E.~M. and {Arcus}, W. and {Barnes}, D.~G. and {Bernardi}, G. and 
	    {Bunton}, J.~D. and {Cappallo}, R.~C. and {Crosse}, B.~W. and 
	    {Corey}, B.~E. and {Deshpande}, A. and {deSouza}, L. and {Emrich}, D. and 
	    {Goeke}, R.~F. and {Greenhill}, L.~J. and {Hazelton}, B.~J. and 
	    {Herne}, D. and {Kaplan}, D.~L. and {Kasper}, J.~C. and {Kincaid}, B.~B. and 
	    {Koenig}, R. and {Kratzenberg}, E. and {Lonsdale}, C.~J. and 
	    {Lynch}, M.~J. and {McWhirter}, S.~R. and {Morgan}, E.~H. and 
	    {Oberoi}, D. and {Ord}, S.~M. and {Pathikulangara}, J. and {Prabu}, T. and 
	    {Remillard}, R.~A. and {Rogers}, A.~E.~E. and {Anish Roshi}, D. and 
	    {Salah}, J.~E. and {Sault}, R.~J. and {Udaya Shankar}, N. and 
	    {Srivani}, K.~S. and {Stevens}, J.~B. and {Tingay}, S.~J. and 
	    {Wayth}, R.~B. and {Waterson}, M. and {Webster}, R.~L. and {Whitney}, A.~R. and 
	    {Williams}, A.~J. and {Wyithe}, J.~S.~B.},
    title = "{Low-frequency Imaging of Fields at High Galactic Latitude with the Murchison Widefield Array 32 Element Prototype}",
    journal = {\apj},
    archivePrefix = "arXiv",
    eprint = {1203.5790},
    primaryClass = "astro-ph.CO",
    keywords = {dark ages, reionization, first stars, instrumentation: interferometers, methods: data analysis, surveys },
    year = 2012,
    month = aug,
    volume = 755,
    eid = {47},
    pages = {47},
    doi = {10.1088/0004-637X/755/1/47},
    adsurl = {http://adsabs.harvard.edu/abs/2012ApJ...755...47W},
    adsnote = {Provided by the SAO/NASA Astrophysics Data System}
}

@BOOK{Tools,
   author = {{Wilson}, T.~L. and {Rohlfs}, K. and {H{\"u}ttemeister}, S.},
    title = "{Tools of Radio Astronomy}",
 keywords = {Physics, Astronomy, Microwaves, RF and Optical Engineering, Astrophysics, Electromagnetism, Optics and Lasers},
booktitle = {Tools of Radio Astronomy, by Thomas L.~Wilson; Kristen Rohlfs and Susanne H{\"u}ttemeister.~ISBN 978-3-540-85121-9.~Published by Springer-Verlag, Berlin, Germany, 2009.},
     year = 2009,
publisher = {Springer-Verlag},
      doi = {10.1007/978-3-540-85122-6},
   adsurl = {http://adsabs.harvard.edu/abs/2009tra..book.....W},
  adsnote = {Provided by the SAO/NASA Astrophysics Data System}
}

@article{Wolleben2005,
	author = {{Wolleben}, M. and {Landecker}, T.~L. and {Reich}, W. and {Wielebinski}, R.},
	title = {An absolutely calibrated survey of polarized   emission from the northern sky at 1.4 GHz},
	journal = {\aap},
	year = 2006,
	month = oct,
	volume = 448,
	pages = {411-424},
	doi= {10.1051/0004-6361:20053851},
}
@ARTICLE{Wouthuysen1952,
   author = {{Wouthuysen}, S.~A.},
    title = "{On the excitation mechanism of the 21 cm interstellar hydrogen emission line}",
  journal = {Physica},
     year = 1952,
    month = jan,
   volume = 18,
    pages = {75-76},
      doi = {10.1016/S0031-8914(52)80143-0},
   adsurl = {http://adsabs.harvard.edu/abs/1952Phy....18...75W},
  adsnote = {Provided by the SAO/NASA Astrophysics Data System}
}

@ARTICLE{Wyithe2004,
    author = {{Wyithe}, J.~S.~B. and {Loeb}, A.},
    title = "{A characteristic size of \~{}10Mpc for the ionized bubbles at the end of cosmic reionization}",
    journal = {\nat},
    year = 2004,
    month = nov,
    volume = 432,
    pages = {194-196},
    doi = {10.1038/nature03033},
    adsurl = {http://adsabs.harvard.edu/abs/2004Natur.432..194W},
    adsnote = {Provided by the SAO/NASA Astrophysics Data System}
}

XXX

YYY

ZZZ
@ARTICLE{Zahn2012,
   author = {{Zahn}, O. and {Reichardt}, C.~L. and {Shaw}, L. and {Lidz}, A. and 
	{Aird}, K.~A. and {Benson}, B.~A. and {Bleem}, L.~E. and {Carlstrom}, J.~E. and 
	{Chang}, C.~L. and {Cho}, H.~M. and {Crawford}, T.~M. and {Crites}, A.~T. and 
	{de Haan}, T. and {Dobbs}, M.~A. and {Dor{\'e}}, O. and {Dudley}, J. and 
	{George}, E.~M. and {Halverson}, N.~W. and {Holder}, G.~P. and 
	{Holzapfel}, W.~L. and {Hoover}, S. and {Hou}, Z. and {Hrubes}, J.~D. and 
	{Joy}, M. and {Keisler}, R. and {Knox}, L. and {Lee}, A.~T. and 
	{Leitch}, E.~M. and {Lueker}, M. and {Luong-Van}, D. and {McMahon}, J.~J. and 
	{Mehl}, J. and {Meyer}, S.~S. and {Millea}, M. and {Mohr}, J.~J. and 
	{Montroy}, T.~E. and {Natoli}, T. and {Padin}, S. and {Plagge}, T. and 
	{Pryke}, C. and {Ruhl}, J.~E. and {Schaffer}, K.~K. and {Shirokoff}, E. and 
	{Spieler}, H.~G. and {Staniszewski}, Z. and {Stark}, A.~A. and 
	{Story}, K. and {van Engelen}, A. and {Vanderlinde}, K. and 
	{Vieira}, J.~D. and {Williamson}, R.},
    title = "{Cosmic Microwave Background Constraints on the Duration and Timing of Reionization from the South Pole Telescope}",
  journal = {\apj},
archivePrefix = "arXiv",
   eprint = {1111.6386},
 primaryClass = "astro-ph.CO",
 keywords = {cosmology: theory, intergalactic medium, large-scale structure of universe},
     year = 2012,
    month = sep,
   volume = 756,
      eid = {65},
    pages = {65},
      doi = {10.1088/0004-637X/756/1/65},
   adsurl = {http://adsabs.harvard.edu/abs/2012ApJ...756...65Z},
  adsnote = {Provided by the SAO/NASA Astrophysics Data System}
}

@ARTICLE{Zaldarriaga1997-allsky,
   author = {{Zaldarriaga}, M. and {Seljak}, U.},
    title = "{All-sky analysis of polarization in the microwave background}",
  journal = {\prd},
   eprint = {astro-ph/9609170},
 keywords = {Background radiations, Particle-theory and field-theory models of the early Universe},
     year = 1997,
    month = feb,
   volume = 55,
    pages = {1830-1840},
      doi = {10.1103/PhysRevD.55.1830},
   adsurl = {http://adsabs.harvard.edu/abs/1997PhRvD..55.1830Z},
  adsnote = {Provided by the SAO/NASA Astrophysics Data System}
}

@ARTICLE{Zaldarriaga1997-reionization,
   author = {{Zaldarriaga}, M.},
    title = "{Polarization of the microwave background in reionized models}",
  journal = {\prd},
   eprint = {astro-ph/9608050},
 keywords = {Background radiations, Observational cosmology},
     year = 1997,
    month = feb,
   volume = 55,
    pages = {1822-1829},
      doi = {10.1103/PhysRevD.55.1822},
   adsurl = {http://adsabs.harvard.edu/abs/1997PhRvD..55.1822Z},
  adsnote = {Provided by the SAO/NASA Astrophysics Data System}
}

@ARTICLE{Zaldarriaga1997-parameters,
  author = {{Zaldarriaga}, M. and {Spergel}, D.~N. and {Seljak}, U.},
    title = "{Microwave Background Constraints on Cosmological Parameters}",
  journal = {\apj},
   eprint = {astro-ph/9702157},
 keywords = {Cosmology: Cosmic Microwave Background, Cosmology: Theory, Cosmology: Gravitational Lensing, Polarization},
     year = 1997,
    month = oct,
   volume = 488,
    pages = {1-13},
   adsurl = {http://adsabs.harvard.edu/abs/1997ApJ...488....1Z},
  adsnote = {Provided by the SAO/NASA Astrophysics Data System}
}

@ARTICLE{Zheng2014,
   author = {{Zheng}, H. and {Tegmark}, M. and {Buza}, V. and {Dillon}, J.~S. and 
	{Gharibyan}, H. and {Hickish}, J. and {Kunz}, E. and {Liu}, A. and 
	{Losh}, J. and {Lutomirski}, A. and {Morrison}, S. and {Narayanan}, S. and 
	{Perko}, A. and {Rosner}, D. and {Sanchez}, N. and {Schutz}, K. and 
	{Tribiano}, S.~M. and {Valdez}, M. and {Yang}, H. and {Adami}, K.~Z. and 
	{Zelko}, I. and {Zheng}, K. and {Armstrong}, R.~P. and {Bradley}, R.~F. and 
	{Dexter}, M.~R. and {Ewall-Wice}, A. and {Magro}, A. and {Matejek}, M. and 
	{Morgan}, E. and {Neben}, A.~R. and {Pan}, Q. and {Penna}, R.~F. and 
	{Peterson}, C.~M. and {Su}, M. and {Villasenor}, J. and {Williams}, C.~L. and 
	{Zhu}, Y.},
    title = "{MITEoR: a scalable interferometer for precision 21 cm cosmology}",
  journal = {\mnras},
archivePrefix = "arXiv",
   eprint = {1405.5527},
 primaryClass = "astro-ph.IM",
 keywords = {instrumentation: interferometers, methods: data analysis, techniques: interferometric, cosmology: observations, dark ages, reionization, first stars},
     year = 2014,
    month = dec,
   volume = 445,
    pages = {1084-1103},
      doi = {10.1093/mnras/stu1773},
   adsurl = {http://adsabs.harvard.edu/abs/2014MNRAS.445.1084Z},
  adsnote = {Provided by the SAO/NASA Astrophysics Data System}
}
